3312 5280
790 428 1015 520 1-48-

430 615 495 682 Sed
517 622 590 700 post
611 613 853 680 Lachmannum
876 615 905 682 ei
928 614 1013 680 docti
1028 613 1185 690 homines,
1212 613 1267 696 qui
1289 613 1324 678 in
1339 613 1479 680 Lucretii

342 718 536 784 carminibus
552 717 762 784 emendandis
778 738 907 802 operam
922 718 1093 802 ponebant,
1120 736 1216 800 quam
1231 717 1371 782 maxime
1386 717 1480 782 veriti

343 827 417 886 sunt
438 821 702 906 interpolationes
733 821 772 886 de
800 820 959 886 industria
988 820 1091 886 factas
1120 827 1274 886 statuere.
1321 820 1364 884 Et
1393 827 1479 886 recte

342 924 471 1006 quidem
494 925 529 989 in
550 925 611 990 hoo
633 945 730 1009 opere
753 925 941 1010 imperfecto
963 946 984 990 a
1007 932 1104 1010 poeta
1125 923 1237 990 relicto
1259 943 1378 1008 magna
1400 943 1477 988 eau-

342 1027 428 1093 tione
442 1027 605 1110 agendum
621 1047 693 1094 esse
708 1027 855 1093 arbitrati
871 1034 955 1093 sunt.
996 1029 1146 1094 Attamen
1161 1025 1305 1110 potuisse
1324 1025 1478 1092 facillime

341 1129 606 1215 interpolationes
627 1131 660 1195 in
682 1131 740 1196 illa
762 1131 905 1204 earmina
928 1129 1047 1196 deferri
1076 1149 1141 1195 non
1169 1129 1276 1195 minus
1299 1129 1479 1195 conceden-

342 1232 416 1298 dum
439 1239 499 1300 est.
547 1233 633 1300 Sane
654 1234 688 1300 in
710 1234 799 1299 nullo
821 1235 886 1299 alio
908 1234 1083 1299 litterarum
1107 1253 1225 1317 genere
1248 1231 1478 1317 explicationes

342 1339 395 1402 vel
428 1337 694 1422 amplificationes
728 1337 869 1404 addendi
902 1337 1028 1404 occasio
1061 1335 1166 1421 magis
1195 1337 1289 1402 datur
1319 1355 1416 1419 quam
1443 1337 1479 1401 in

341 1441 481 1506 carmine
505 1441 680 1506 didactioo:
707 1441 861 1524 intellego
879 1447 1009 1524 praeter
1031 1447 1140 1506 cetera
1162 1439 1221 1504 illa
1242 1439 1474 1518 additamenta,

340 1543 454 1626 quibus
477 1551 699 1627 argumentum
722 1545 811 1629 prius
834 1545 967 1610 allatum
990 1543 1154 1628 repetitur,
1181 1563 1252 1608 eum
1274 1550 1370 1627 poeta
1391 1541 1477 1609 idem

341 1665 490 1712 revocare
512 1667 785 1732 supervacaneum
808 1647 946 1713 duxerit.

426 1750 616 1817 Iterationes
637 1771 713 1817 vero
736 1751 833 1816 etiam
855 1751 890 1814 in
917 1750 991 1816 aliis
1022 1749 1232 1835 scriptoribus
1262 1749 1477 1834 interpolandi

341 1873 440 1919 causa
463 1854 569 1920 factae
593 1861 677 1920 sunt.
724 1856 767 1921 Ut
795 1855 829 1920 in
851 1853 986 1938 Vergilii
1010 1853 1154 1920 Aeneide
1183 1853 1278 1919 tertia
1307 1853 1376 1919 iere
1402 1873 1476 1937 pars

339 1957 543 2022 iterationum
559 1957 669 2041 spuria
684 1965 735 2023 est
755 1957 894 2042 (collegit
917 1977 972 2023 eas
988 1957 1143 2040 Forbiger
1165 1957 1208 2021 ad
1223 1957 1335 2040 Eolog.
1352 1961 1382 2038 5,
1402 1959 1473 2038 37);

304 2123 306 2128 .
339 2067 435 2142 atque
459 2068 637 2126 ceterarum
659 2081 786 2143 quoqne
809 2061 920 2126 dubito
944 2082 986 2126 an
1008 2061 1088 2126 haec
1109 2061 1162 2126 vel
1185 2060 1243 2124 illa
1264 2059 1405 2126 insiticia
1420 2060 1473 2125 sit.

425 2163 573 2245 Denique
595 2169 725 2248 propter
756 2183 812 2229 eas
841 2163 1056 2248 suspiciones,
1084 2163 1201 2246 quibus
1231 2162 1291 2228 viri
1319 2162 1403 2228 docti
1434 2162 1477 2227 ad

338 2266 420 2332 tales
450 2267 653 2348 quaestiones
683 2266 772 2332 adire
796 2267 917 2348 solent,
950 2266 1099 2332 attendas
1121 2266 1201 2332 duos
1224 2273 1352 2331 exstare
1373 2267 1473 2349 locos,

339 2369 453 2450 quibus
477 2376 565 2434 certa
593 2369 850 2454 interpolationis
871 2369 1010 2453 vestigia
1038 2375 1228 2454 appareant.
1276 2369 1314 2433 In
1337 2369 1476 2434 secundo

338 2471 423 2537 enim
451 2472 532 2537 libro
554 2473 701 2538 versibus
725 2475 886 2537 749-56
916 2471 1118 2556 interpolatis
1146 2472 1301 2537 nonnulla
1331 2493 1352 2537 a
1380 2478 1476 2556 poeta

339 2576 460 2660 scripta
483 2575 620 2660 depulsa
642 2583 729 2657 sunt,
761 2576 807 2641 ita
828 2582 864 2641 ut
885 2595 981 2641 versu
1005 2577 1067 2640 748
1091 2575 1289 2641 enuntiatum
1313 2575 1476 2640 continea-

338 2685 397 2756 tur,
425 2679 515 2744 cuius
539 2679 650 2744 exitus
665 2679 759 2745 desit.
799 2679 883 2744 Nam
906 2679 991 2761 quod
1013 2678 1177 2744 Bentleius
1203 2677 1383 2744 coniecerat
1404 2699 1477 2743 ver—

339 2801 408 2846 sum
431 2785 493 2845 743
509 2788 582 2866 post
599 2783 659 2846 748
683 2782 956 2866 transponendum
979 2801 1062 2862 esse,
1090 2781 1236 2864 quamvis
1251 2780 1476 2846 Lachmann'ns

338 2903 411 2949 eum
428 2891 556 2949 secutus
576 2885 627 2965 sit,
647 2890 755 2950 tamen
772 2884 848 2950 ferri
864 2905 927 2950 non
942 2904 1038 2968 posse
1054 2884 1292 2950 demonstrabo.
1331 2885 1370 2948 In
1385 2891 1476 2949 sexto

338 2994 445 3052 autem
467 2987 566 3068 libro,
594 2987 647 3052 ubi
669 2988 795 3052 tae-5
819 2987 1002 3072 interpolati
1026 2993 1110 3065 sunt,
1136 2993 1237 3052 restat
1258 3006 1343 3052 unus
1366 2987 1476 3052 exeis

336 3089 482 3155 versibus
506 3111 527 3155 a
548 3096 644 3174 poeta
666 3089 860 3174 compositis,
887 3089 942 3172 qui
964 3089 1211 3174 interpolatione
1238 3089 1366 3173 expulsi
1389 3095 1472 3153 suut.

337 3193 450 3259 Dicam
473 3192 513 3258 de
536 3193 583 3258 eis
605 3193 685 3258 locis
708 3213 762 3277 pg.
790 3195 830 3256 59
854 3213 902 3276 sq.
928 3199 960 3258 et
983 3213 1038 3276 pg.
1067 3193 1117 3258 78.

424 3295 490 3361 Sed
511 3315 552 3360 ne
575 3295 696 3372 diutius
721 3295 755 3359 in
785 3296 962 3380 praefando
990 3315 1159 3370 moremur,
1192 3294 1344 3378 incipiam
1372 3295 1475 3360 abeo

336 3399 421 3478 loco,
449 3398 503 3479 qui
526 3397 560 3462 in
582 3397 695 3481 primis
719 3397 936 3482 memorabilis
966 3405 1031 3478 est,
1065 3397 1150 3481 qnod
1177 3404 1210 3462 et
1236 3396 1475 3481 interpolatoris

338 3507 370 3566 et
392 3500 522 3566 lectoris
545 3500 729 3585 philosophi
752 3520 881 3585 operam
908 3500 953 3566 ibi
977 3519 1152 3582 agnoscere
1174 3500 1260 3580 lieet,
1285 3507 1321 3565 ut
1344 3499 1474 3585 dubium

335 3623 407 3669 esse
430 3610 578 3686 nequeat,
605 3604 682 3686 quin
697 3604 821 3670 duobus
837 3603 1034 3687 temporibus
1050 3609 1119 3669 orta
1134 3601 1354 3668 additamenta
1368 3601 1402 3666 in
1417 3623 1475 3668 co-

335 3706 461 3772 dicibus
476 3707 594 3773 nostris
609 3714 745 3790 exstent,
765 3708 868 3773 altera
883 3705 1012 3789 quidem
1028 3705 1245 3790 interpolandi
1260 3724 1359 3771 causa
1374 3704 1469 3786 facta,

338 3811 440 3875 altera
462 3830 525 3875 non
548 3829 651 3893 aeque
673 3809 796 3876 infelici
819 3810 953 3876 consilio
975 3809 1114 3894 margini
1137 3808 1312 3894 adscripta.

754 3913 796 3992 11,
827 3915 1049 3978 1013-1022.

780 4019 862 4079 1020
885 4045 927 4071 =
951 4018 1024 4079 726.

608 4123 710 4194 Ι1015
739 4120 843 4202 (1016)
871 4149 913 4175 .-.
935 4120 961 4202 Ι,
988 4121 1051 4184 820
1079 4120 1178 4201 (821).

660 4221 840 4306 signficant
861 4242 920 4306 pro
942 4222 1143 4286 constituant.

751 4328 828 4388 1021
855 4355 897 4380 =
919 4325 946 4402 Ῑ,
973 4327 1046 4390 685.
