3312 5280
724 397 944 460 ...36-

360 576 480 642 Horum
502 579 641 644 locorum
656 588 789 665 uterque
811 582 955 649 offendit.
995 584 1102 670 Atque
1116 592 1152 650 ut
1166 605 1187 650 a
1202 585 1314 667 quinto
1331 587 1416 652 libro

275 678 484 762 exordiamur,
510 681 545 746 id
567 683 651 764 quod
674 683 876 771 Goebelius¹l
904 693 1015 776 991119
1044 707 1157 752 versus
1180 687 1218 765 V,
1249 691 1411 754 128-41

276 782 407 864 protulit
427 791 548 868 repeto.
595 785 710 868 Neque
732 787 817 853 enirn
839 809 953 855 versus
984 793 1057 854 132.
1083 793 1102 854 3
1125 790 1300 872 quicquam
1322 792 1416 858 aliud

276 883 454 968 significare
484 894 618 970 possunt
646 909 742 972 quarn
770 891 914 956 animum
942 893 1045 957 solum
1075 892 1146 958 sine
1174 912 1307 976 corpore
1338 915 1415 961 9119

275 1007 339 1052 non
359 992 498 1073 pessel).
544 989 635 1066 Quae
664 993 824 1058 sententia
852 994 905 1060 hic
926 994 1038 1078 inepta
1061 1003 1126 1075 est,
1153 994 1209 1060 ubi
1231 1002 1331 1080 poeta
1355 997 1415 1063 de-

275 1098 452 1157 monstrare
473 1093 541 1157 vult
562 1115 643 1156 eam
673 1093 814 1179 quouis
844 1119 1013 1180 corpore
1035 1117 1099 1162 non
1122 1115 1195 1162 esse
1217 1116 1317 1181 posse
1340 1101 1415 1164 ani-

275 1216 373 1260 mum.
419 1193 545 1260 Deinde
575 1196 752 1262 coniunctio
775 1199 1011 1264 enuntiatorum
1032 1199 1068 1264 in
1089 1199 1238 1266 versibus
1264 1203 1414 1268 126-33

275 1317 406 1386 prorsus
427 1298 542 1364 debilis
565 1306 624 1365 est.
663 1301 790 1366 Etenim
807 1301 835 1367 si
849 1304 959 1380 verba,
986 1303 1119 1385 quaein
1135 1303 1285 1370 versibus
1304 1307 1377 1370 128.
1395 1311 1415 1371 9

275 1407 423 1490 leguntur
1044 1426 1046 1428 ·

429 1505 510 1569 sicut
531 1505 564 1569 ia
586 1505 710 1570 aethere
732 1528 794 1570 noa
815 1509 920 1589 arbor,
946 1531 1008 1572 noa
1030 1531 1161 1593 aequore
1184 1511 1270 1574 salso

430 1611 525 1674 nubes
546 1632 610 1674 esse
633 1619 747 1694 queunt

275 1721 316 1786 ad
333 1739 373 1784 99
388 1734 471 1800 quae
486 1713 687 1799 praecedunt
705 1713 893 1791 reseruntur,
920 1716 965 1778 sie
986 1716 1020 1780 in
1039 1719 1099 1780 132
1115 1715 1191 1780 ferri
1206 1717 1334 1799 nequit:
1363 1720 1414 1784 sin
1498 1717 1501 1724 ’

275 1824 317 1890 ad
351 1843 390 1888 ea
423 1838 506 1903 quae
540 1824 716 1900 sequuntur
751 1817 951 1900 referuntur,
992 1819 1085 1885 deest
1121 1839 1183 1900 quo
1213 1820 1257 1886 ad
1289 1824 1361 1885 126.
1396 1827 1413 1886 7

275 1927 501 2009 adiungantur.

360 2025 514 2096 Intentio
536 2024 618 2090 libro
647 2022 770 2107 primus
792 2024 1003 2090 Neumannus
1032 2024 1191 2090 intellexit
1219 2025 1414 2110 interpreta-

275 2135 393 2201 tionem
422 2131 566 2196 haerere.
621 2124 822 2208 Quamquam
852 2127 937 2192 enim
966 2147 1030 2191 non
1059 2127 1157 2211 plane
1186 2119 1287 2210 probo
1317 2149 1414 2211 quam

275 2236 408 2324 protulit
435 2233 607 2312 rationem,
642 2235 750 2295 tamen
783 2237 869 2296 recte
903 2229 1081 2312 contendit,
1119 2230 1271 2312 quoniam
1300 2252 1414 2298 versus

276 2345 337 2408 784
374 2359 444 2423 sqq.
490 2333 574 2400 idern
611 2339 835 2416 argumentum
875 2333 1126 2419 complectantur
1162 2339 1260 2416 atque
1297 2355 1413 2402 versus

276 2451 337 2512 615
353 2483 396 2496 -
412 2445 470 2522 23,
505 2437 575 2504 fieri
604 2457 668 2502 non
690 2435 832 2522 potuisse
862 2445 898 2502 ut
927 2442 1024 2522 poeta
1054 2436 1191 2502 eandem
1218 2439 1413 2504 sententiam

275 2549 363 2616 brevi
393 2545 499 2632 spatio
526 2539 708 2606 intermisso
744 2546 914 2624 repeteret.
969 2541 1140 2604 Praeterea
1172 2541 1274 2605 verba
1306 2552 1413 2607 nostro

276 2674 395 2739 quoque
423 2666 553 2730 corpore
581 2651 700 2707 eertum
728 2651 850 2706 constet
882 2643 964 2725 (794)
996 2662 1059 2724 quc
1088 2647 1233 2726 spectent
1261 2663 1325 2709 non
1354 2645 1414 2710 ha-

275 2759 367 2838 bent,
402 2772 474 2820 curn
502 2746 683 2831 oppositum
713 2745 797 2810 desit
825 2745 867 2829 (in
894 2745 1005 2828 quinto
1026 2745 1107 2810 libro
1137 2746 1272 2830 qaoduis
1301 2770 1414 2831 corpas

280 2860 361 2943 (126)
390 2851 572 2940 oppositum
600 2851 657 2932 est)
691 2868 911 2933 summamque
934 2848 1164 2914 dubitationem
1187 2847 1270 2913 illud
1292 2857 1408 2931 movet,

276 2961 361 3046 quod
381 2957 458 3024 inde
484 2954 525 3020 ab
557 2955 618 3018 800
647 2972 699 3018 res
728 2952 906 3037 exponitur,
940 2972 1004 3034 qua
1033 2972 1073 3018 99
1102 2971 1185 3034 quae
1215 2953 1414 3036 praecedunt

276 3087 339 3132 non
362 3056 638 3136 constabiliuntur,
668 3055 754 3140 quod
778 3062 886 3122 tamen
915 3054 985 3120 fieri
1014 3061 1146 3140 propter
1167 3055 1269 3119 verba
1298 3055 1414 3140 quippe

276 3169 388 3234 etenim
403 3167 583 3248 exspectes.
622 3161 736 3243 Neque
752 3159 835 3226 enirn
857 3158 892 3224 id
907 3158 1075 3243 accipiam,
1095 3157 1181 3240 qnod
1196 3157 1413 3224 Reisackerus

276 3285 413 3354 eumque
458 3271 585 3332 secutus
621 3265 831 3330 Neumannus
868 3261 990 3346 opinati
1026 3257 1118 3342 sunt,
1161 3262 1234 3324 798.
1276 3265 1295 3325 9
1341 3281 1413 3327 cum

277 3378 404 3442 ece-5
425 3367 665 3452 coniungendos
689 3386 772 3433 esse.
811 3366 897 3431 Nam
918 3384 1031 3430 versus
1055 3366 1181 3428 eoo-5
1205 3363 1238 3426 in
1262 3383 1302 3429 99
1324 3383 1414 3430 sum-

277 3481 386 3566 ptione
410 3512 448 3524 -
472 3493 554 3556 quae
577 3477 683 3537 utrum
704 3471 774 3536 icoo
796 3490 838 3534 91
861 3469 943 3535 serio
965 3468 1072 3552 posita
1094 3468 1153 3549 sit,
1186 3465 1266 3532 nihil
1290 3469 1334 3533 ad
1355 3488 1413 3534 nos

275 3583 467 3670 pertinet-
477 3581 656 3654 versantur,
674 3575 812 3641 animam
828 3592 900 3639 9119
911 3572 1143 3637 immortalem:
1161 3573 1349 3637 1911111798
1363 3591 1411 3654 sq.

276 3707 352 3753 vero
375 3682 565 3769 gravissime
588 3679 771 3764 exprimunt
791 3678 959 3742 mortalem
981 3695 1052 3742 esse
1075 3675 1226 3740 animam.

348 3894 356 3930 ¹
442 3929 448 3941 .
507 3927 513 3938 .
552 3888 577 3937 7.

346 3895 365 4040 11
386 3888 549 4030 1111111111
560 3969 746 4038 explicatione
764 3969 889 4036 »scripsit
906 3967 993 4036 igitur
1010 3969 1067 4023 riae
1084 3983 1193 4036 corpore
1210 3966 1267 4020 sota
1285 3981 1336 4034 pro
1355 3966 1412 4019 siue

278 4080 386 4133 corpore
412 4061 526 4115 animali
549 4057 594 4112 vel
618 4056 674 4110 aine
697 4061 767 4108 certo
791 4071 837 4109 suo
863 4071 987 4124 corpore,
1013 4058 1045 4108 ut
1068 4051 1190 4107 sole'sit
1213 4051 1259 4107 vel
1283 4051 1372 4106 libera
1396 4067 1413 4104 9

277 4163 392 4219 corpore
410 4146 534 4202 animali«
552 4142 646 4198 verbis
664 4140 806 4208 scriptoris
823 4139 868 4194 vis
883 4139 976 4194 afferri
988 4139 1111 4204 videtur,
1131 4138 1414 4207 praeterquamquod

279 4250 379 4304 corpus
396 4250 430 4289 eo
448 4234 510 4288 loco
528 4245 583 4284 non
601 4227 719 4282 animale
736 4231 845 4281 tautum
864 4241 965 4294 corpus
983 4222 1135 4293 significat,
1156 4223 1207 4278 sed
1226 4238 1334 4277 omnem
1353 4238 1413 4276 ma·

279 4322 386 4380 teriam,
406 4334 522 4389 quaeum
541 4315 661 4370 animum
679 4313 857 4368 coniunctum
875 4327 938 4367 esse
956 4311 1075 4380 cogitari
1093 4310 1191 4378 possit.
