3312 5280
765 415 892 475 --54
937 445 979 455 -

306 596 440 661 rationis
456 603 547 680 parte
562 597 700 681 ponitur,
727 616 836 663 omnes
860 617 911 663 res
934 604 1001 662 tota
1023 603 1140 662 natura
1162 595 1337 664 dissimiles
1353 617 1437 678 esse,

306 698 482 764 dilucidum
505 705 565 764 est.
612 699 695 766 Nam
719 719 777 766 eae
807 700 935 783 quidem
964 719 1031 783 res,
1071 689 1153 782 quac
1181 698 1293 766 eodem
1324 720 1441 784 genere

306 802 517 884 eontinentur,
545 809 619 868 sunt
641 809 726 868 certe
747 803 830 870 inter
852 823 888 870 sc
911 803 1042 870 similes.
1083 803 1209 870 Deinde
1228 803 1283 885 qui
1299 823 1441 887 sequun-

306 912 357 970 tur·
379 924 492 970 versus
520 906 571 988 (ΙΙ,
599 908 673 970 723.
692 909 721 990 4)

413 1031 475 1071 non
498 1031 557 1092 quo
580 1009 680 1072 multu
697 1029 815 1090 purum
837 1009 935 1073 sinin
955 1009 1019 1072 sint
1033 1009 1185 1092 praedita
1196 1011 1323 1095 formu,

413 1113 471 1174 sed
491 1110 566 1195 quio
587 1133 649 1174 non
671 1113 760 1196 oolpo
776 1113 875 1195 purr'n
897 1111 1037 1176 omnibus
1060 1113 1163 1176 omnic
1185 1121 1326 1180 constent

306 1213 462 1297 quomodo
479 1234 549 1280 oum
565 1214 723 1298 prioribus
739 1215 862 1280 conecti
876 1215 1009 1300 possint,
1030 1235 1127 1298 aegre
1143 1215 1315 1301 perspicio.
1356 1217 1438 1282 Nam

307 1317 334 1382 si
364 1318 464 1380 multo
490 1317 576 1382 idern
603 1318 712 1398 ualere
742 1323 837 1400 atque
865 1319 981 1382 multoe
1003 1340 1053 1382 res
1081 1318 1245 1402 ponimus,
1283 1319 1440 1386 habemus

305 1419 549 1504 repugnantiam
571 1419 795 1502 gravissimam
817 1420 978 1496 intereos
1000 1441 1113 1486 versus
1136 1421 1387 1488 intercedentem
1409 1430 1442 1489 et

305 1523 403 1588 verba
425 1523 476 1586 ool
496 1521 545 1587 utr'
567 1531 631 1586 tcta
653 1531 769 1587 notura
792 1523 957 1587 dissimiles
979 1533 1052 1588 sunt
1081 1525 1164 1588 r'nter
1190 1511 1228 1590 sc
1242 1525 1367 1609 penitae
1389 1549 1440 1590 res

304 1648 455 1710 quaeque.
494 1624 551 1690 Sin
571 1625 706 1700 subiecti
720 1627 928 1699 mutationem
944 1627 1113 1693 statuimus
1131 1627 1374 1710 intolerabilem,
1393 1629 1441 1694 ita

304 1735 338 1794 ut
360 1728 401 1794 ad
424 1729 525 1794 multa
547 1728 745 1812 »principio«
769 1728 975 1808 subiciamus,
1000 1750 1064 1795 non
1086 1730 1192 1796 minus
1210 1731 1439 1796 sententiarum

305 1831 487 1898 consecutio
511 1831 652 1913 offendit,
688 1831 716 1896 si
738 1831 976 1914 coniungimur:
1017 1853 1177 1926 quamque
1200 1853 1267 1898 rem
1289 1833 1439 1899 dissimili

303 1934 406 2018 figura
428 1933 655 2018 principiorum
677 1940 823 2000 constare
846 1954 978 2000 necesse
1006 1942 1070 2017 est,
1102 1935 1178 2018 quia
1204 1937 1327 2000 nullum
1350 1935 1439 2021 prin-

304 2037 422 2120 cipium
445 2037 538 2102 alteri
560 2055 690 2120 prorsus
710 2056 770 2120 par
784 2042 844 2102 est.
884 2037 967 2100 Nam
984 2037 1011 2102 si
1027 2057 1092 2102 non
1106 2037 1198 2122 paria
1215 2057 1287 2104 csse
1303 2045 1439 2122 possunt

303 2139 473 2222 principia,
483 2144 516 2204 at
528 2138 646 2203 similia
658 2145 765 2204 tamen
776 2138 1014 2220 possuntidque
1022 2138 1093 2223 ipsc
1101 2139 1267 2205 Lucretius
1275 2141 1433 2224 probavit:

410 2242 460 2320 Π,
488 2244 549 2304 524
572 2241 654 2304 inter
676 2263 709 2304 se
731 2240 829 2304 sr'rnr'lr'
850 2263 928 2324 quoe
950 2250 1023 2305 sunt
1039 2243 1188 2328 perfectu
1196 2242 1321 2326 figura,
1359 2319 1362 2322 ¹

575 2343 698 2428 irfinr'to
720 2343 833 2408 cluere.

350 2447 352 2450 ’
390 2447 486 2512 Porro
508 2466 620 2512 versus
643 2447 685 2528 Π,
714 2449 837 2510 rib-7

458 2550 576 2613 semino
598 2571 667 2612 curn
686 2571 783 2632 porro
805 2549 930 2628 distent,
957 2550 1089 2636 defferre
1111 2561 1267 2616 necessust

459 2651 626 2716 interuallo
648 2651 714 2716 cios
737 2674 870 2715 conexus
887 2654 1032 2735 pondero
1048 2654 1164 2738 plupas

457 2776 623 2818 concursus
645 2763 747 2818 motus

303 2855 473 2940 conscripti
490 2848 619 2920 sunt'ex
634 2856 689 2937 IV,
709 2860 782 2920 oto.
802 2860 842 2921 50
859 2863 891 2948 et
906 2877 947 2922 cx
962 2858 988 2937 I,
1009 2859 1082 2922 633.
1101 2862 1132 2921 4.
1172 2858 1313 2923 Dubium
1329 2865 1435 2924 autern

302 2963 409 3041 potest
430 2977 513 3034 csse,
539 2963 643 3022 utrum
659 2958 701 3023 ad
717 2959 753 3022 olr‘
781 2969 1022 3050 erre-:necessust
1037 2960 1206 3024 interuallo
1221 2961 1288 3024 or'cs
1304 2984 1436 3025 conexus

297 3061 443 3143 pondero
467 3061 583 3144 plagas
606 3083 771 3125 concursus
793 3067 893 3126 motus
923 3061 1116 3144 cogitatione
1146 3061 1366 3128 subiciendum
1395 3063 1437 3129 sit

297 3163 545 3245 primordiorum
567 3183 609 3228 an
631 3185 746 3226 rcrurn.
796 3163 859 3230 Sed
882 3163 950 3229 sive
972 3162 1034 3229 hoc
1057 3163 1125 3230 sivo
1147 3163 1228 3229 illud
1251 3165 1431 3245 statuimus

303 3283 445 3330 summae
469 3263 674 3330 difficultates
698 3266 849 3331 oriuntur.
890 3266 938 3330 Ao
960 3265 1098 3349 primum
1113 3265 1242 3348 quidem
1258 3266 1286 3332 si
1301 3266 1436 3350 primor-

301 3366 637 3432 diorum-differentias
654 3367 789 3451 singulis
807 3369 901 3434 rebus
923 3368 1107 3450 perlustrari
1122 3367 1313 3434 arbitremur
1330 3407 1367 3416 -
1385 3369 1436 3434 id-

301 3489 363 3552 que
386 3489 424 3535 eo
447 3468 584 3534 maxime
607 3470 857 3546 commendatur,
882 3469 967 3552 quod
994 3492 1126 3534 conanus
1150 3473 1296 3554 pondera
1317 3475 1436 3558 plagae

301 3594 467 3636 concursus
488 3580 589 3635 motus
612 3592 651 3638 ea
673 3578 757 3653 sunt,
784 3595 862 3656 quae
883 3573 972 3636 dedet
984 3573 1132 3656 genitalis
1147 3573 1260 3638 dobere
1274 3577 1432 3654 materies,

295 3697 357 3758 per
380 3697 457 3758 quae
480 3697 531 3738 res
554 3697 693 3759 quaeque
713 3683 866 3760 geruntur
894 3675 927 3756 (Ι,
955 3677 1092 3758 632-4)
1115 3713 1167 3757 —‚
1194 3677 1333 3760 primunr
1355 3677 1435 3744 miro

300 3777 420 3844 dictum
443 3777 495 3855 sit,
521 3777 650 3844 differre
672 3777 844 3842 intervalla
865 3777 1020 3844 seminum
1043 3785 1118 3860 etc,
1146 3799 1218 3844 cum
1241 3799 1280 3844 ea
1295 3779 1430 3844 distent:

300 3900 415 3964 nempe
438 3900 510 3946 cum
533 3885 600 3945 tota
623 3879 747 3945 semina
769 3878 934 3961 differant,
968 3880 1114 3964 singulae
1144 3881 1301 3946 seminum
1324 3889 1434 3966 partes

299 3983 381 4048 inter
404 4002 439 4048 se
455 3981 617 4048 differunt.
656 3980 782 4046 Deinde
798 3980 875 4062 quid
891 4001 927 4046 eo
943 3981 1145 4066 pronuntiato
1163 3982 1308 4064 efficitur,
1336 4003 1434 4066 quarc

300 4084 458 4169 particula
474 4107 574 4168 porro
603 4081 793 4148 inducatur?
837 4081 1071 4149 Gravissimum
1100 4091 1206 4152 autem
1236 4092 1300 4167 est,
1334 4085 1429 4168 quod,

300 4187 376 4268 quid
400 4187 464 4254 sint
486 4187 578 4252 »viae
601 4185 790 4267 seminum«,
816 4186 943 4253 omnino
973 4207 1037 4254 non
1065 4195 1210 4272 apparet.
1258 4188 1320 4253 Via
1348 4187 1432 4254 enim

298 4296 403 4373 potest
418 4289 498 4360 duas
515 4288 763 4373 significationes
779 4286 914 4354 habere:
932 4297 987 4357 aut
1000 4290 1086 4357 idem
1102 4298 1151 4358 est
1165 4297 1260 4374 atque
1275 4279 1428 4367 foramen,
