3312 5280
656 387 867 470 ..99-

194 596 335 663 referret.
361 596 485 660 Tamen
498 613 558 678 ego
570 615 642 660 cum
655 594 810 677 Briegero
829 593 995 679 (Philolog.
1006 597 1127 677 XXIV,
1143 600 1216 681 449)
1232 597 1327 678 19919,

195 699 250 782 991
260 699 343 764 hane
356 697 610 763 emendationem
623 696 742 762 refutat
753 697 878 762 duabus
890 698 1063 783 praecipue
1076 700 1182 766 causis
1192 720 1332 765 commo-

175 822 179 829 ·
194 810 261 868 tus:
280 801 417 886 primum
434 801 481 866 eis
496 799 643 864 versibus
656 801 763 883 aliquo
778 800 872 866 modo
885 803 1061 882 obscurari,
1075 822 1137 885 quo
1149 803 1248 868 verba
1259 826 1332 866 nom

195 906 279 990 qaod
298 905 410 970 19532
434 904 629 988 9991199999
655 903 781 984 deinde,
802 903 886 985 quod
901 905 980 970 milri
999 906 1224 988 gravissimum
1240 906 1333 971 vide-

154 1009 158 1018 '
190 1019 256 1092 tur,
275 1009 369 1074 ,nullo
392 1009 474 1084 loco,
500 1007 554 1072 ubi
577 1014 671 1088 poeta
693 1006 799 1072 simili
813 1007 906 1072 modo
922 1027 984 1089 quo
999 1009 1033 1072 in
1050 1009 1170 1074 cased
1185 1029 1252 1074 rem
1267 1010 1332 1074 iam

197 1111 363 1196 probatam
385 1110 555 1193 respiciat,
583 1110 672 1192 911,
700 1113 773 1174 265.
800 1112 873 1174 429.
901 1113 974 1174 543.
1002 1113 1149 1192 95111,
1177 1115 1230 1176 94.
1256 1115 1329 1176 499.

201 1217 292 1278 1999.
318 1213 376 1292 111,
398 1215 449 1276 31.
475 1213 531 1289 IV,
550 1213 624 1276 861.
650 1213 688 1290 V,
710 1215 782 1276 772.
809 1213 863 1294 VI,
884 1214 957 1278 486.
980 1217 1072 1292 1991,
1098 1214 1244 1297 adiungi,
1270 1235 1334 1296 qua

198 1315 320 1380 ratione
341 1314 376 1380 id
398 1314 649 1380 demonstratum
673 1315 724 1380 sit.
771 1315 861 1379 Nibil
883 1315 980 1397 igitur
1005 1323 1105 1382 restat
1133 1317 1196 1382 nisi
1226 1318 1333 1381 9119-

199 1417 318 1482 91119199
341 1436 413 1482 9999
436 1417 495 1482 hos
519 1436 631 1482 versus
654 1424 813 1500 putemus.
854 1416 1016 1501 Adscripti
1038 1425 1144 1483 autem
1167 1427 1242 1484 sunt
1265 1420 1334 1484 9199

199 1519 295 1585 dubio
316 1541 336 1584 a
358 1521 476 1586 lectore
498 1520 555 1584 illo
577 1520 779 1604 philosopho,
799 1528 834 1586 ut
849 1521 901 1586 vel
915 1521 978 1586 sibi
993 1523 1044 1586 vel
1060 1522 1134 1587 91119
1150 1525 1334 1588 memoriam

199 1623 267 1688 9199
290 1623 352 1688 1991
373 1622 614 1706 redintegraret,
642 1623 697 1688 ubi
719 1631 815 1706 99919
837 1625 1028 1708 probaverat
1051 1645 1209 1690 summam
1232 1634 1334 1692 mate-

200 1726 267 1791 riae
288 1726 445 1792 infinitam
469 1733 626 1792 constare.

286 1827 377 1905 Quod
411 1847 486 1894 vero
521 1828 691 1910 Briegerus
727 1816 846 1914 99191,Ι
877 1850 949 1895 cum
986 1830 1034 1895 eis
1063 1831 1210 1896 versibus
1240 1851 1336 1913 argu-

201 1938 340 1996 mentum
373 1931 554 2010 inducatur,
595 1952 656 2014 999
694 1931 851 1998 infinitam
888 1951 959 1998 9999
993 1952 1149 1998 summam
1183 1933 1336 1998 materiae

202 2041 295 2117 poeta
318 2033 590 2099 demonstraturus
614 2035 722 2115 fuerit,
750 2035 836 2118 qnod
866 2043 973 2100 tamen
1003 2036 1140 2101 fortasse
1162 2057 1336 2119 numquam

163 2141 166 2148 '
204 2135 245 2200 ad
264 2136 358 2201 finem
381 2137 570 2221 perductum
593 2137 645 2218 sit,
673 2157 728 2202 eos
751 2158 815 2218 non
838 2139 932 2204 nimis
955 2139 1175 2204 intolerabiles
1198 2157 1280 2218 9999,
1309 2138 1337 2202 91

203 2258 328 2304 versum
350 2243 412 2303 952
435 2239 509 2304 libri
531 2239 625 2323 primi
648 2241 820 2324 excipiant,
846 2241 879 2305 id
903 2241 981 2306 mibi
1004 2261 1067 2306 non
1090 2242 1207 2326 placet.
1253 2242 1337 2305 Nam

197 2361 304 2424 neque
327 2342 370 2406 ad
392 2361 458 2419 eas,
486 2362 567 2424 quae
589 2342 655 2407 iam
678 2343 798 2408 multae
821 2350 895 2408 sunt
917 2343 949 2408 in
966 2344 1108 2408 Lucretii
1130 2343 1335 2419 carminibus,

203 2444 408 2510 difficultates
430 2465 529 2510 novas
552 2445 598 2508 ita
613 2444 733 2510 addere
755 2444 805 2510 199
828 2452 887 2527 991,
914 2452 949 2510 91
967 2466 1067 2511 novas
1083 2452 1192 2529 partes
1208 2467 1229 2510 a
1245 2453 1340 2528 poeta

203 2568 265 2614 non
287 2549 449 2612 absolutas
466 2554 655 2630 statuamus,
676 2555 708 2614 et
723 2555 829 2632 potest
844 2556 949 2614 certus
965 2549 1093 2630 quidem
1109 2551 1197 2614 locus
1217 2549 1336 2628 911991,

198 2651 258 2716 ubi
279 2657 375 2734 pocta
395 2650 438 2716 de
464 2650 590 2716 infinita
619 2651 753 2716 materia
781 2651 875 2725 dicit,
908 2652 941 2716 in
969 2652 1042 2716 libri
1069 2651 1164 2738 primi
1193 2652 1339 2717 versibus

209 2759 398 2818 1914-51.
445 2755 558 2835 119999
581 2773 640 2836 ego
663 2761 739 2838 9919
762 2755 992 2834 Inoas-31
1018 2754 1151 2820 iteratos
1175 2754 1276 2820 191999
1299 2775 1340 2820 ex

205 2865 294 2940 parte
325 2877 433 2922 eorum
464 2877 633 2937 versuum,
666 2857 720 2938 qui
753 2865 826 2940 post
859 2861 940 2920 1913
970 2857 1209 2923 interciderunt.
1256 2859 1339 2922 Nam

203 2960 383 3042 posthunc
406 2979 533 3024 versum
556 2960 703 3024 lacunam
726 2959 816 3024 hiare
840 2979 910 3024 cum
934 2959 1058 3044 pridem
1080 2961 1242 3043 cognitum
1258 2965 1335 3042 est¹l

205 3071 270 3126 tam
285 3062 483 3144 intellegitur
499 3082 603 3143 exeo,
623 3062 708 3144 quod
729 3062 867 3146 protasis
883 3081 1034 3126 versuum
1053 3066 1220 3126 1914-29
1236 3062 1337 3141 deest,

205 3165 294 3230 cuius
316 3165 370 3246 qui
392 3164 488 3229 luerit
503 3184 627 3244 sensns,
654 3173 820 3249 praeterea
836 3185 875 3229 ex
890 3165 997 3230 verbis
1014 3165 1144 3249 Epicuri
1160 3165 1247 3249 apud
1262 3166 1342 3229 Dio·
1399 3229 1404 3236 ,

276 3458 293 3518 ¹)
319 3458 391 3508 1912.
409 3459 438 3508 13
453 3456 562 3525 spurios
575 3471 636 3510 esse
649 3454 715 3508 mihi
729 3471 784 3509 non
796 3455 989 3522 persuadetur.
1017 3454 1098 3519 Quod
1111 3455 1222 3524 quidem
1235 3455 1342 3510 Pollius

171 3605 175 3614 ι
210 3541 308 3606 (annal.
323 3541 419 3610 philol.
435 3543 476 3606 93,
492 3541 551 3612 158)
572 3540 726 3604 contendit,
747 3541 906 3594 Lucretium
920 3541 949 3594 in
962 3557 1057 3595 eorum
1070 3547 1215 3610 poetarum
1228 3556 1342 3594 numero

207 3643 278 3691 esse,
292 3627 339 3695 991
352 3627 492 3697 dactylica
503 3627 589 3681 verba
601 3628 630 3680 in
642 3645 669 3678 m
678 3627 810 3681 exeuntia
823 3643 878 3680 non
891 3641 952 3680 cum
965 3627 1111 3681 vocalibus
1125 3626 1339 3688 committerent,

208 3728 296 3781 99999
313 3713 426 3766 alterum
445 3730 533 3766 eoram
553 3712 673 3767 scribere
691 3713 825 3780 potuisse,
847 3713 916 3766 satis
935 3712 1072 3767 refutavit
1084 3711 1235 3766 Munroius.
1268 3710 1342 3766 (lon-

207 3797 322 3852 1919999
340 3804 406 3854 9991
422 3799 640 3852 innumerabilem
652 3800 721 3852 caim
734 3815 871 3852 99999999
883 3798 930 3860 VI,
947 3800 1007 3851 485.
1019 3798 1170 3867 plusculum
1183 3798 1280 3850 babeat
1292 3797 1341 3861 IV,

209 3888 266 3938 616.
288 3886 428 3958 sponpt'am
447 3887 530 3955 aquai
546 3886 596 3948 IV,
617 3887 675 3938 618.

277 3971 371 4040 Neque
391 3971 487 4025 divelli
506 3972 547 4026 illi
566 3987 664 4026 versus
685 3977 811 4038 9999991,
831 3975 863 4024 91
880 3976 954 4025 recto
969 3970 1037 4026 dicit
1053 3971 1212 4038 Madvigius
1234 3974 1340 4038 (opusc.

208 4058 230 4122 1,
246 4059 316 4122 316).
356 4056 410 4111 Sed
430 4058 623 4111 Lachmannus
642 4057 760 4122 divellit,
782 4059 843 4110 c'um
862 4057 990 4110 adnotet:
1012 4056 1048 4109 »91
1061 4056 1208 4110 Lucretius
1220 4053 1266 4109 hic
1284 4055 1342 4108 dis-

208 4143 349 4196 iunctione
367 4159 434 4197 9999
453 4151 505 4209 991,
526 4144 580 4196 tria
598 4143 720 4198 membra
739 4147 825 4210 erant,
847 4149 896 4196 aut
914 4149 1063 4210 utrumque
1082 4147 1132 4194 aut
1148 4147 1277 4195 neutrum
1295 4149 1345 4196 aut

208 4229 372 4283 alterutrum
390 4245 414 4282 9.
435 4245 461 4298 9.
483 4245 520 4282 s«
556 4227 595 4284 At
614 4229 648 4283 de
667 4244 700 4282 99
718 4228 898 4282 distinctione
913 4243 969 4282 non
988 4228 1088 4296 agitur,
1110 4229 1160 4282 sed
1178 4231 1227 4281 991
1244 4242 1344 4296 corpus

209 4320 237 4368 91
249 4316 331 4368 19999
344 4315 459 4370 alternis
472 4315 546 4370 inter
559 4329 589 4368 99
603 4315 760 4378 terminant,
781 4319 830 4367 991
842 4314 1007 4368 alterutrum
1020 4313 1055 4368 ab
1069 4314 1157 4368 altero
1169 4313 1344 4368 terminatur.
