3312 5280
681 368 894 429 ,39..

222 563 254 622 et
275 575 352 622 aera
374 561 407 622 et
425 555 533 638 ignem
551 575 591 619 ex
607 553 715 620 nativo
730 574 768 620 ao
783 554 911 620 mortali
927 573 1058 638 corpore
1074 561 1232 633 constare,
1259 574 1355 637 argu-

220 659 336 724 mentis
358 659 521 742 probatur.
563 656 655 735 Quod
677 677 749 722 cum
771 657 955 723 universum
978 658 1020 722 ab
1042 657 1103 724 hoe
1125 658 1194 723 loco
1216 657 1357 724 alienum

221 781 285 828 non
308 761 359 842 sit,
386 759 549 826 tamenin
573 760 708 842 singulis
730 760 875 844 partibus
898 759 1100 826 offendimus.

307 865 412 946 Atque
433 864 518 947 'quae
541 863 684 930 secunda
706 870 797 947 parte
825 865 1005 947 (261-72(
1034 863 1248 944 continentur,
1282 884 1359 948 per-

222 968 354 1034 fectiora
376 968 527 1050 leguntur
548 966 582 1032 in
606 967 688 1033 sexti
711 967 784 1032 libri
807 966 955 1032 versibus
979 968 1155 1048 eus-38,
1182 967 1239 1032 ubi
1261 967 1357 1032 etiam

221 1089 334 1136 versus
347 1071 419 1154 (269
429 1072 511 1153 sqq.)
526 1071 710 1153 percolatur
721 1069 802 1134 caim
813 1070 898 1134 cirus
909 1092 978 1154 sqq.
994 1075 1131 1136 exstant.
1158 1067 1250 1147 Quod
1261 1077 1363 1154 poeta*

222 1172 384 1239 contendit
405 1173 503 1238 maris
525 1193 628 1254 aquas
650 1173 769 1251 minui,
802 1173 863 1238 hoc
890 1191 973 1238 novo
1003 1178 1193 1256 argumento
1221 1173 1256 1237 in
1277 1173 1358 1239 libro

223 1284 313 1343 sexto
335 1283 464 1342 auctuum
487 1283 551 1342 est:

331 1383 391 1443 627
410 1387 580 1463 praeterea
604 1379 697 1444 docui
716 1381 849 1446 multum
872 1401 993 1464 quoque
1016 1380 1124 1444 tollere
1146 1381 1242 1444 audes

414 1505 552 1546 umorem
574 1505 685 1566 mappa
708 1465 949 1566 conceptum'er
970 1504 1104 1566 aequore
1119 1476 1225 1566 porti,

414 1594 445 1650 et
460 1585 585 1668 possim
608 1593 672 1650 toto
697 1594 852 1650 terrarum
874 1607 1024 1670 spurpere
1045 1585 1079 1648 r'rr
1102 1586 1180 1650 orbi.

223 1690 327 1771 Atque
350 1688 478 1754 omnino
496 1687 666 1772 descriptio
681 1689 782 1754 multo
796 1688 965 1754 iucundior
980 1708 1018 1754 ao
1033 1687 1203 1754 dilucidior
1219 1697 1268 1756 est
1289 1690 1353 1774 (cfr.

223 1793 276 1872 VI,
293 1794 420 1856 uer-8
437 1811 509 1856 eum
517 1790 555 1872 V,
569 1793 743 1874 res—72).
775 1792 947 1857 Praeterea
961 1791 1077 1856 mirum
1093 1799 1151 1872 est,
1168 1792 1253 1874 quod
1264 1800 1360 1877 poeta

221 1896 255 1959 in
271 1914 366 1961 versu
382 1897 444 1958 627
468 1893 511 1959 ad
527 1893 626 1959 aliurn
643 1893 726 1958 sexti
741 1893 814 1958 libri
830 1895 935 1958 locum
956 1898 1028 1974 (503
1040 1895 1123 1976 sqq.)
1142 1895 1284 1978 respicit,
1304 1896 1359 1960 ubi

223 1997 358 2063 candem
374 1997 566 2062 sententiam
581 1997 645 2062 iam
661 1997 847 2080 protulerat.
873 1997 924 2061 An
940 2017 1016 2062 vero
1032 2004 1137 2081 putas,
1157 2018 1230 2063 cum
1245 2019 1359 2064 versus

223 2102 349 2164 ost-8
366 2099 528 2181 scriberet,
547 2118 621 2165 eum
636 2119 700 2165 non
715 2099 900 2165 meminisse
922 2100 1018 2184 plane
1033 2099 1119 2166 idem
1135 2108 1358 2184 argumentum

224 2223 258 2267 se
269 2202 335 2268 iam
347 2203 447 2268 semel
459 2200 657 2285 exposuisse,
673 2206 770 2284 atque
784 2201 817 2266 in
830 2208 979 2284 quattuor
989 2203 1136 2269 versibus
1153 2203 1275 2270 eisdem
1286 2225 1360 2270 vcr-

180 2325 183 2328 ·
224 2305 273 2370 bis
296 2310 410 2370 usum?
453 2306 541 2369 Pono
569 2304 654 2368 enim
684 2324 739 2370 eos
762 2323 874 2370 versus
903 2305 937 2370 in
965 2312 1057 2370 sexto
1079 2306 1160 2372 libro
1182 2309 1358 2392 posteriore

224 2415 367 2492 tempore
390 2407 526 2491 scriptos
549 2426 621 2472 esse
642 2427 739 2489 quam
754 2407 788 2472 in
803 2407 926 2490 quinto.
964 2409 1049 2472 Nam
1071 2409 1151 2474 nihil
1166 2410 1255 2474 aliud
1269 2411 1356 2492 licet,

224 2511 250 2575 si
273 2511 420 2577 versibus
436 2511 490 2591 VI,
514 2512 661 2574 608-38
685 2530 756 2576 cum
771 2509 811 2588 V,
831 2514 979 2575 261-72
1002 2512 1195 2595 comparatis
1218 2514 1358 2578 attendi-

223 2634 293 2680 mus
305 2621 443 2699 poetam,
466 2613 551 2696 quod
570 2614 670 2680 semel
682 2613 802 2697 optime
814 2615 1019 2698 expresserit,
1035 2615 1187 2680 vixmalc
1198 2624 1356 2700 repetere.

312 2717 377 2782 Sed
411 2717 508 2783 etiam
537 2715 633 2782 dictio
666 2716 699 2780 in
722 2717 760 2797 V,
788 2720 950 2781 261-72
980 2716 1079 2783 habet
1107 2739 1169 2800 quo
1199 2719 1354 2785 offendas.

223 2820 362 2886 Primum
384 2819 470 2886 euim
493 2819 569 2884 ordo
598 2839 637 2884 ae
667 2818 835 2902 dispositio
861 2839 1012 2885 versuum
1035 2823 1173 2885 aot-8
1197 2819 1355 2904 displicet.

224 2921 306 2988 Nam
323 2922 386 2988 duo
402 2921 459 2986 illa
475 2921 641 2987 enuntiata
652 2921 796 2988 causalia
812 2924 897 3007 quod
910 2923 997 2986 cerati
1009 2931 1168 2987 curreutes
1183 2924 1361 2989 diminuunt

225 3025 382 3109 radiisque
414 3033 556 3090 retexens
593 3025 751 3088 catherius
785 3026 834 3089 sol
862 3031 894 3090 et
924 3027 1009 3110 quod
1034 3034 1143 3109 supter
1165 3049 1228 3109 per
1258 3036 1360 3092 terras

225 3127 346 3191 diditur
375 3127 491 3208 omnis,
525 3127 601 3209 quia
630 3147 688 3212 per
712 3128 836 3210 partim
858 3165 900 3175 —
921 3127 1045 3208 partim
1072 3127 1243 3194 coniuncta
1271 3138 1355 3210 sunt,

224 3232 265 3295 ab
288 3250 352 3295 uno
374 3230 539 3296 enuntiato
561 3230 712 3314 primario
734 3231 877 3314 pendere
905 3249 1038 3296 necesse
1066 3237 1132 3312 est,
1167 3231 1289 3297 scilicet
1318 3233 1360 3297 ab

224 3335 257 3395 iu
272 3354 392 3398 summo
400 3332 450 3414 fit
464 3341 500 3396 ut
513 3332 562 3396 or‘l
575 3355 664 3396 rumor
679 3333 825 3411 claudet,
844 3352 947 3414 neque
963 3351 1038 3398 vero
1056 3334 1150 3398 ambo
1165 3332 1207 3397 ad
1218 3334 1360 3415 primum

225 3435 376 3520 quecquid
388 3435 486 3520 aquai
501 3436 623 3500 totlitur
638 3436 810 3520 pertinent,
831 3435 990 3517 quoniam,
1011 3435 1039 3500 si
1054 3433 1116 3500 hoe
1131 3441 1356 3519 statueremus,

224 3541 327 3604 altera
342 3539 519 3604 enuntiatio
535 3538 675 3606 absurda
690 3545 787 3604 esset.
813 3539 926 3620 Itaque
943 3538 1183 3623 dispositionem
1198 3559 1361 3622 gramma-

224 3642 320 3707 ticam
336 3640 364 3706 si
380 3647 574 3725 spectamus,
590 3641 647 3706 illa
661 3642 761 3707 verba
776 3641 1015 3706 confirmatione
1027 3648 1147 3720 carent,
1164 3661 1237 3708 cum
1248 3661 1361 3708 revera

225 3745 324 3809 verba
347 3745 433 3829 quod
452 3745 538 3808 oeutc'
556 3752 714 3808 verrentes
729 3745 907 3808 diminuunt
921 3743 1082 3828 radiisque
1097 3752 1238 3808 retexens
1254 3745 1361 3809 aethe-

224 3847 292 3910 rr'cs
313 3848 363 3910 aot
383 3867 455 3912 eam
477 3847 668 3930 praebeant,
695 3846 845 3928 quoniam
876 3847 924 3912 sol
953 3853 985 3910 et
1012 3852 1128 3912 ventus
1159 3847 1360 3930 superficiem

225 3955 347 4014 tantum
380 3949 527 4032 aequoris
562 3955 707 4032 tangunt.
756 3947 895 4014 Gravius
928 3956 1036 4014 tamen
1066 3948 1146 4013 illud
1175 3956 1241 4031 est,
1275 3949 1361 4032 quod

225 4054 374 4115 dec-ursus
396 4073 552 4136 aquaram
572 4053 654 4136 (263)
682 4052 748 4118 alia
770 4051 1004 4135 significatione
1027 4051 1166 4136 positum
1186 4059 1237 4118 est
1251 4073 1290 4118 ao
1305 4055 1360 4117 de-

225 4177 332 4218 cursus
348 4177 503 4239 aquarum
518 4155 552 4218 in
564 4155 618 4235 VI,
639 4157 700 4219 609
722 4161 764 4232 (et
780 4155 927 4218 decursus
942 4155 1041 4239 aquai
1050 4156 1075 4234 I,
1093 4158 1154 4220 283
1166 4163 1199 4221 et
1210 4157 1247 4238 V,
1264 4157 1354 4240 946);

317 4258 351 4340 (Ι,
378 4260 439 4321 283
464 4258 619 4321 montibus
642 4279 680 4319 ex
702 4257 776 4322 altis
798 4279 930 4342 mappas
952 4259 1152 4322 decursas
1174 4258 1302 4343 aquai
