<?xml version="1.0" encoding="UTF-8"?>
<!DOCTYPE html PUBLIC "-//W3C//DTD XHTML 1.0 Transitional//EN"
    "http://www.w3.org/TR/xhtml1/DTD/xhtml1-transitional.dtd">
<html xmlns="http://www.w3.org/1999/xhtml" xml:lang="en" lang="en">
 <head>
  <title>
</title>
<meta http-equiv="Content-Type" content="text/html;charset=utf-8" />
  <meta name='ocr-system' content='tesseract 3.04.00' />
  <meta name='ocr-capabilities' content='ocr_page ocr_carea ocr_par ocr_line ocrx_word'/>
</head>
<body>
  <div class='ocr_page' id='page_1' title='image "./deversibusinluc00gneigoog_0023.png"; bbox 0 0 3312 5280; ppageno 0'>
   <div class='ocr_carea' id='block_1_1' title="bbox 801 427 1017 490">
    <p class='ocr_par' dir='ltr' id='par_1_1' title="bbox 801 427 1017 490">
     <span class='ocr_line' id='line_1_1' title="bbox 801 427 1017 490; baseline 0.009 -18"><span class='ocrx_word' id='word_1_1' title='bbox 801 427 1017 490; x_wconf 75' lang='lat'>...18-</span> 
     </span>
    </p>
   </div>
   <div class='ocr_carea' id='block_1_2' title="bbox 322 609 1483 3878">
    <p class='ocr_par' dir='ltr' id='par_1_2' title="bbox 322 609 1483 3878">
     <span class='ocr_line' id='line_1_2' title="bbox 340 609 1479 697; baseline 0.004 -22"><span class='ocrx_word' id='word_1_2' title='bbox 340 611 422 676; x_wconf 90' lang='lat' dir='ltr'><strong>duce</strong></span> <span class='ocrx_word' id='word_1_3' title='bbox 437 610 589 696; x_wconf 86' lang='lat' dir='ltr'><strong>Briegero</strong></span> <span class='ocrx_word' id='word_1_4' title='bbox 609 609 777 694; x_wconf 69' lang='lat' dir='ltr'><strong>[Philolog.</strong></span> <span class='ocrx_word' id='word_1_5' title='bbox 796 613 919 694; x_wconf 85' lang='lat' dir='ltr'>XXIX,</span> <span class='ocrx_word' id='word_1_6' title='bbox 939 617 1000 678; x_wconf 86' lang='grc'><strong>417</strong></span> <span class='ocrx_word' id='word_1_7' title='bbox 1017 616 1101 697; x_wconf 85' lang='lat' dir='ltr'>sqq.)</span> <span class='ocrx_word' id='word_1_8' title='bbox 1121 633 1176 680; x_wconf 90' lang='lat' dir='ltr'><strong>eos</strong></span> <span class='ocrx_word' id='word_1_9' title='bbox 1192 633 1304 679; x_wconf 85' lang='lat' dir='ltr'><strong>versus</strong></span> <span class='ocrx_word' id='word_1_10' title='bbox 1321 634 1362 679; x_wconf 84' lang='lat' dir='ltr'><strong>ex</strong></span> <span class='ocrx_word' id='word_1_11' title='bbox 1377 615 1479 680; x_wconf 87' lang='lat' dir='ltr'><strong>altera</strong></span> 
     </span>
     <span class='ocr_line' id='line_1_3' title="bbox 343 713 1480 800; baseline 0.004 -22"><span class='ocrx_word' id='word_1_12' title='bbox 343 713 528 779; x_wconf 81' lang='lat' dir='ltr'>recensione</span> <span class='ocrx_word' id='word_1_13' title='bbox 552 714 593 778; x_wconf 93' lang='lat' dir='ltr'><strong>ab</strong></span> <span class='ocrx_word' id='word_1_14' title='bbox 615 713 687 796; x_wconf 90' lang='lat' dir='ltr'><strong>ipso</strong></span> <span class='ocrx_word' id='word_1_15' title='bbox 709 720 806 797; x_wconf 88' lang='lat' dir='ltr'><strong>poeta</strong></span> <span class='ocrx_word' id='word_1_16' title='bbox 828 714 916 780; x_wconf 83' lang='lat' dir='ltr'><strong>lacta</strong></span> <span class='ocrx_word' id='word_1_17' title='bbox 937 722 1022 781; x_wconf 88' lang='lat' dir='ltr'><strong>ortos</strong></span> <span class='ocrx_word' id='word_1_18' title='bbox 1045 722 1205 799; x_wconf 89' lang='lat' dir='ltr'><strong>putemus.</strong></span> <span class='ocrx_word' id='word_1_19' title='bbox 1245 715 1343 800; x_wconf 85' lang='lat' dir='ltr'><strong>Atqui</strong></span> <span class='ocrx_word' id='word_1_20' title='bbox 1358 716 1387 782; x_wconf 85' lang='lat' dir='ltr'><strong>si</strong></span> <span class='ocrx_word' id='word_1_21' title='bbox 1401 737 1480 783; x_wconf 93' lang='lat' dir='ltr'><strong>con-</strong></span> 
     </span>
     <span class='ocr_line' id='line_1_4' title="bbox 342 815 1478 902; baseline 0.002 -21"><span class='ocrx_word' id='word_1_22' title='bbox 342 815 539 894; x_wconf 89' lang='lat' dir='ltr'><strong>sideramus,</strong></span> <span class='ocrx_word' id='word_1_23' title='bbox 565 821 638 880; x_wconf 89' lang='lat' dir='ltr'><strong>utra</strong></span> <span class='ocrx_word' id='word_1_24' title='bbox 659 815 803 881; x_wconf 74' lang='lat' dir='ltr'><strong>recensio</strong></span> <span class='ocrx_word' id='word_1_25' title='bbox 825 817 914 901; x_wconf 89' lang='lat' dir='ltr'><strong>prior</strong></span> <span class='ocrx_word' id='word_1_26' title='bbox 936 817 1043 894; x_wconf 85' lang='lat' dir='ltr'><strong>tuerit,</strong></span> <span class='ocrx_word' id='word_1_27' title='bbox 1069 818 1202 884; x_wconf 90' lang='lat' dir='ltr'><strong>dubium</strong></span> <span class='ocrx_word' id='word_1_28' title='bbox 1224 839 1288 883; x_wconf 88' lang='lat' dir='ltr'><strong>non</strong></span> <span class='ocrx_word' id='word_1_29' title='bbox 1310 825 1374 899; x_wconf 86' lang='lat' dir='ltr'><strong>est,</strong></span> <span class='ocrx_word' id='word_1_30' title='bbox 1402 819 1478 902; x_wconf 90' lang='lat' dir='ltr'><strong>quin</strong></span> 
     </span>
     <span class='ocr_line' id='line_1_5' title="bbox 342 918 1480 1004; baseline 0.004 -21"><span class='ocrx_word' id='word_1_31' title='bbox 342 922 479 984; x_wconf 87' lang='lat'>51-53</span> <span class='ocrx_word' id='word_1_32' title='bbox 502 918 679 1002; x_wconf 89' lang='lat' dir='ltr'><strong>posteriore</strong></span> <span class='ocrx_word' id='word_1_33' title='bbox 709 925 853 1002; x_wconf 89' lang='lat' dir='ltr'><strong>tempore</strong></span> <span class='ocrx_word' id='word_1_34' title='bbox 882 921 993 1004; x_wconf 86' lang='lat' dir='ltr'><strong>scripti</strong></span> <span class='ocrx_word' id='word_1_35' title='bbox 1023 921 1087 987; x_wconf 88' lang='lat' dir='ltr'><strong>sint</strong></span> <span class='ocrx_word' id='word_1_36' title='bbox 1115 941 1211 1003; x_wconf 91' lang='lat' dir='ltr'><strong>quarn</strong></span> <span class='ocrx_word' id='word_1_37' title='bbox 1235 925 1287 984; x_wconf 84' lang='lat'><strong>31.</strong></span> <span class='ocrx_word' id='word_1_38' title='bbox 1334 922 1418 986; x_wconf 90' lang='lat' dir='ltr'><strong>Nam</strong></span> <span class='ocrx_word' id='word_1_39' title='bbox 1448 931 1480 988; x_wconf 87' lang='lat' dir='ltr'><strong>ct</strong></span> 
     </span>
     <span class='ocr_line' id='line_1_6' title="bbox 342 1019 1474 1106; baseline 0 -20"><span class='ocrx_word' id='word_1_40' title='bbox 342 1023 519 1106; x_wconf 84' lang='lat' dir='ltr'>pleniorem</span> <span class='ocrx_word' id='word_1_41' title='bbox 542 1019 757 1086; x_wconf 88' lang='lat' dir='ltr'><strong>definitionem</strong></span> <span class='ocrx_word' id='word_1_42' title='bbox 780 1023 936 1105; x_wconf 81' lang='lat' dir='ltr'><strong>praebent</strong></span> <span class='ocrx_word' id='word_1_43' title='bbox 956 1031 987 1089; x_wconf 91' lang='lat' dir='ltr'><strong>et</strong></span> <span class='ocrx_word' id='word_1_44' title='bbox 1004 1023 1085 1088; x_wconf 90' lang='lat' dir='ltr'><strong>illud</strong></span> <span class='ocrx_word' id='word_1_45' title='bbox 1101 1025 1248 1106; x_wconf 80' lang='lat' dir='ltr'><strong>dereptae</strong></span> <span class='ocrx_word' id='word_1_46' title='bbox 1263 1023 1297 1087; x_wconf 93' lang='lat' dir='ltr'><strong>in</strong></span> <span class='ocrx_word' id='word_1_47' title='bbox 1312 1026 1474 1102; x_wconf 76' lang='lat' dir='ltr'><strong>versu&#39;32,</strong></span> 
     </span>
     <span class='ocr_line' id='line_1_7' title="bbox 341 1124 1479 1210; baseline 0.002 -22"><span class='ocrx_word' id='word_1_48' title='bbox 341 1124 412 1206; x_wconf 88' lang='lat' dir='ltr'><strong>qui,</strong></span> <span class='ocrx_word' id='word_1_49' title='bbox 439 1124 467 1190; x_wconf 91' lang='lat' dir='ltr'><strong>si</strong></span> <span class='ocrx_word' id='word_1_50' title='bbox 489 1143 602 1188; x_wconf 89' lang='lat' dir='ltr'><strong>versus</strong></span> <span class='ocrx_word' id='word_1_51' title='bbox 626 1126 766 1188; x_wconf 79' lang='lat'>51-53</span> <span class='ocrx_word' id='word_1_52' title='bbox 789 1145 810 1189; x_wconf 92' lang='lat' dir='ltr'><strong>a</strong></span> <span class='ocrx_word' id='word_1_53' title='bbox 831 1131 926 1208; x_wconf 89' lang='lat' dir='ltr'><strong>poeta</strong></span> <span class='ocrx_word' id='word_1_54' title='bbox 955 1127 1147 1210; x_wconf 86' lang='lat' dir='ltr'><strong>compositos</strong></span> <span class='ocrx_word' id='word_1_55' title='bbox 1170 1125 1332 1206; x_wconf 89' lang='lat' dir='ltr'><strong>ducimus,</strong></span> <span class='ocrx_word' id='word_1_56' title='bbox 1359 1125 1402 1190; x_wconf 91' lang='lat' dir='ltr'><strong>ad</strong></span> <span class='ocrx_word' id='word_1_57' title='bbox 1424 1145 1479 1192; x_wconf 88' lang='lat' dir='ltr'><strong>eos</strong></span> 
     </span>
     <span class='ocr_line' id='line_1_8' title="bbox 340 1226 1477 1312; baseline 0.004 -20"><span class='ocrx_word' id='word_1_58' title='bbox 340 1247 467 1311; x_wconf 91' lang='lat' dir='ltr'><strong>quoque</strong></span> <span class='ocrx_word' id='word_1_59' title='bbox 488 1226 681 1312; x_wconf 81' lang='lat' dir='ltr'><strong>pertinebat,</strong></span> <span class='ocrx_word' id='word_1_60' title='bbox 708 1228 804 1308; x_wconf 88' lang='lat' dir='ltr'><strong>satis,</strong></span> <span class='ocrx_word' id='word_1_61' title='bbox 829 1228 892 1294; x_wconf 90' lang='lat' dir='ltr'><strong>nisi</strong></span> <span class='ocrx_word' id='word_1_62' title='bbox 915 1228 1021 1304; x_wconf 87' lang='lat' dir='ltr'><strong>fallor,</strong></span> <span class='ocrx_word' id='word_1_63' title='bbox 1046 1229 1147 1308; x_wconf 89' lang='lat' dir='ltr'><strong>docet,</strong></span> <span class='ocrx_word' id='word_1_64' title='bbox 1174 1230 1216 1294; x_wconf 91' lang='lat' dir='ltr'><strong>ab</strong></span> <span class='ocrx_word' id='word_1_65' title='bbox 1238 1228 1329 1294; x_wconf 92' lang='lat' dir='ltr'><strong>initio</strong></span> <span class='ocrx_word' id='word_1_66' title='bbox 1352 1249 1477 1296; x_wconf 86' lang='lat' dir='ltr'><strong>versum</strong></span> 
     </span>
     <span class='ocr_line' id='line_1_9' title="bbox 415 1329 1407 1415; baseline 0.001 -22"><span class='ocrx_word' id='word_1_67' title='bbox 415 1351 494 1414; x_wconf 82' lang='lat' dir='ltr'><strong>quae</strong></span> <span class='ocrx_word' id='word_1_68' title='bbox 517 1329 609 1415; x_wconf 79' lang='lat' dir='ltr'><strong>quusi</strong></span> <span class='ocrx_word' id='word_1_69' title='bbox 628 1332 826 1394; x_wconf 80' lang='lat' dir='ltr'><strong>membranae</strong></span> <span class='ocrx_word' id='word_1_70' title='bbox 848 1351 993 1394; x_wconf 85' lang='lat' dir='ltr'><strong>sommo</strong></span> <span class='ocrx_word' id='word_1_71' title='bbox 1016 1333 1059 1394; x_wconf 87' lang='lat' dir='ltr'><strong>de</strong></span> <span class='ocrx_word' id='word_1_72' title='bbox 1082 1353 1253 1414; x_wconf 79' lang='lat' dir='ltr'><strong>corpore</strong></span> <span class='ocrx_word' id='word_1_73' title='bbox 1275 1352 1407 1394; x_wconf 68' lang='lat' dir='ltr'><strong>reram</strong></span> 
     </span>
     <span class='ocr_line' id='line_1_10' title="bbox 342 1433 1479 1518; baseline -0.002 -18"><span class='ocrx_word' id='word_1_74' title='bbox 342 1433 495 1518; x_wconf 88' lang='lat' dir='ltr'><strong>scriptum</strong></span> <span class='ocrx_word' id='word_1_75' title='bbox 525 1433 637 1498; x_wconf 87' lang='lat' dir='ltr'><strong>fuisse.</strong></span> <span class='ocrx_word' id='word_1_76' title='bbox 685 1433 736 1497; x_wconf 85' lang='lat' dir='ltr'><strong>An</strong></span> <span class='ocrx_word' id='word_1_77' title='bbox 765 1453 840 1499; x_wconf 88' lang='lat' dir='ltr'><strong>vero</strong></span> <span class='ocrx_word' id='word_1_78' title='bbox 875 1453 988 1500; x_wconf 85' lang='lat' dir='ltr'><strong>censes</strong></span> <span class='ocrx_word' id='word_1_79' title='bbox 1025 1433 1094 1498; x_wconf 90' lang='lat' dir='ltr'><strong>fieri</strong></span> <span class='ocrx_word' id='word_1_80' title='bbox 1127 1434 1289 1518; x_wconf 89' lang='lat' dir='ltr'><strong>potuisse,</strong></span> <span class='ocrx_word' id='word_1_81' title='bbox 1320 1441 1356 1499; x_wconf 92' lang='lat' dir='ltr'><strong>ut</strong></span> <span class='ocrx_word' id='word_1_82' title='bbox 1384 1441 1479 1518; x_wconf 88' lang='lat' dir='ltr'><strong>poeta</strong></span> 
     </span>
     <span class='ocr_line' id='line_1_11' title="bbox 341 1529 1480 1622; baseline 0 -20"><span class='ocrx_word' id='word_1_83' title='bbox 341 1543 455 1622; x_wconf 88' lang='lat' dir='ltr'><strong>postca</strong></span> <span class='ocrx_word' id='word_1_84' title='bbox 476 1529 565 1600; x_wconf 89' lang='lat' dir='ltr'><strong>illam</strong></span> <span class='ocrx_word' id='word_1_85' title='bbox 588 1535 805 1601; x_wconf 87' lang='lat' dir='ltr'><strong>definitionem</strong></span> <span class='ocrx_word' id='word_1_86' title='bbox 821 1537 942 1614; x_wconf 89' lang='lat' dir='ltr'><strong>mallet,</strong></span> <span class='ocrx_word' id='word_1_87' title='bbox 961 1536 1133 1619; x_wconf 80' lang='lat' dir='ltr'><strong>imaginem</strong></span> <span class='ocrx_word' id='word_1_88' title='bbox 1149 1537 1197 1602; x_wconf 92' lang='lat' dir='ltr'><strong>rei</strong></span> <span class='ocrx_word' id='word_1_89' title='bbox 1211 1537 1360 1604; x_wconf 84' lang='lat' dir='ltr'><strong>corticem</strong></span> <span class='ocrx_word' id='word_1_90' title='bbox 1375 1537 1480 1621; x_wconf 88' lang='lat' dir='ltr'><strong>potius</strong></span> 
     </span>
     <span class='ocr_line' id='line_1_12' title="bbox 341 1638 1480 1724; baseline -0.001 -19"><span class='ocrx_word' id='word_1_91' title='bbox 341 1638 595 1706; x_wconf 89' lang='lat' dir='ltr'><strong>nominitandam</strong></span> <span class='ocrx_word' id='word_1_92' title='bbox 611 1643 705 1704; x_wconf 74' lang='lat' dir='ltr'><strong>essct</strong></span> <span class='ocrx_word' id='word_1_93' title='bbox 733 1639 891 1704; x_wconf 87' lang='lat' dir='ltr'><strong>Nimirum</strong></span> <span class='ocrx_word' id='word_1_94' title='bbox 905 1639 1095 1719; x_wconf 80' lang='lat' dir='ltr'><strong>addidisset,</strong></span> <span class='ocrx_word' id='word_1_95' title='bbox 1116 1639 1143 1706; x_wconf 92' lang='lat' dir='ltr'><strong>si</strong></span> <span class='ocrx_word' id='word_1_96' title='bbox 1159 1640 1192 1704; x_wconf 92' lang='lat' dir='ltr'><strong>in</strong></span> <span class='ocrx_word' id='word_1_97' title='bbox 1207 1640 1280 1724; x_wconf 90' lang='lat' dir='ltr'><strong>ipsa</strong></span> <span class='ocrx_word' id='word_1_98' title='bbox 1294 1641 1480 1722; x_wconf 74' lang='lat' dir='ltr'><strong>quaestione</strong></span> 
     </span>
     <span class='ocr_line' id='line_1_13' title="bbox 342 1740 1479 1826; baseline 0 -20"><span class='ocrx_word' id='word_1_99' title='bbox 342 1742 382 1808; x_wconf 93' lang='lat' dir='ltr'><strong>de</strong></span> <span class='ocrx_word' id='word_1_100' title='bbox 395 1740 574 1807; x_wconf 90' lang='lat' dir='ltr'><strong>simulacris</strong></span> <span class='ocrx_word' id='word_1_101' title='bbox 586 1741 732 1805; x_wconf 87' lang='lat' dir='ltr'><strong>instituta</strong></span> <span class='ocrx_word' id='word_1_102' title='bbox 743 1741 930 1821; x_wconf 88' lang='lat' dir='ltr'><strong>invenisset,</strong></span> <span class='ocrx_word' id='word_1_103' title='bbox 942 1741 1067 1807; x_wconf 89' lang='lat' dir='ltr'><strong>corticis</strong></span> <span class='ocrx_word' id='word_1_104' title='bbox 1076 1743 1223 1826; x_wconf 81' lang='lat' dir='ltr'><strong>exemplo</strong></span> <span class='ocrx_word' id='word_1_105' title='bbox 1234 1743 1479 1808; x_wconf 87' lang='lat' dir='ltr'><strong>beneillustrari</strong></span> 
     </span>
     <span class='ocr_line' id='line_1_14' title="bbox 342 1842 1479 1928; baseline -0.001 -19"><span class='ocrx_word' id='word_1_106' title='bbox 342 1845 526 1910; x_wconf 86' lang='lat' dir='ltr'><strong>simulacra.</strong></span> <span class='ocrx_word' id='word_1_107' title='bbox 573 1842 639 1908; x_wconf 85' lang='lat' dir='ltr'><strong>Sed</strong></span> <span class='ocrx_word' id='word_1_108' title='bbox 661 1843 688 1908; x_wconf 89' lang='lat' dir='ltr'><strong>si</strong></span> <span class='ocrx_word' id='word_1_109' title='bbox 711 1864 763 1909; x_wconf 93' lang='lat' dir='ltr'><strong>res</strong></span> <span class='ocrx_word' id='word_1_110' title='bbox 785 1844 830 1908; x_wconf 89' lang='lat' dir='ltr'><strong>ita</strong></span> <span class='ocrx_word' id='word_1_111' title='bbox 854 1863 889 1910; x_wconf 91' lang='lat' dir='ltr'><strong>se</strong></span> <span class='ocrx_word' id='word_1_112' title='bbox 911 1845 1061 1924; x_wconf 91' lang='lat' dir='ltr'><strong>haberet,</strong></span> <span class='ocrx_word' id='word_1_113' title='bbox 1087 1864 1192 1910; x_wconf 90' lang='lat' dir='ltr'><strong>nonne</strong></span> <span class='ocrx_word' id='word_1_114' title='bbox 1220 1851 1424 1928; x_wconf 79' lang='lat' dir='ltr'><strong>exspectares</strong></span> <span class='ocrx_word' id='word_1_115' title='bbox 1446 1845 1479 1908; x_wconf 94' lang='lat' dir='ltr'><strong>in</strong></span> 
     </span>
     <span class='ocr_line' id='line_1_15' title="bbox 340 1946 1479 2032; baseline 0 -21"><span class='ocrx_word' id='word_1_116' title='bbox 340 1949 415 2032; x_wconf 89' lang='lat' dir='ltr'><strong>ipsa</strong></span> <span class='ocrx_word' id='word_1_117' title='bbox 438 1947 678 2012; x_wconf 75' lang='lat' dir='ltr'><strong>simulacrorum</strong></span> <span class='ocrx_word' id='word_1_118' title='bbox 700 1946 846 2012; x_wconf 86' lang='lat' dir='ltr'><strong>doctrina</strong></span> <span class='ocrx_word' id='word_1_119' title='bbox 868 1946 1038 2012; x_wconf 90' lang='lat' dir='ltr'><strong>tractanda</strong></span> <span class='ocrx_word' id='word_1_120' title='bbox 1049 1959 1132 2012; x_wconf 86' lang='lat' dir='ltr'><strong>¹eum</strong></span> <span class='ocrx_word' id='word_1_121' title='bbox 1147 1947 1208 2013; x_wconf 90' lang='lat' dir='ltr'><strong>hoc</strong></span> <span class='ocrx_word' id='word_1_122' title='bbox 1224 1948 1371 2031; x_wconf 83' lang='lat' dir='ltr'><strong>exemplo</strong></span> <span class='ocrx_word' id='word_1_123' title='bbox 1386 1968 1479 2013; x_wconf 90' lang='lat' dir='ltr'><strong>usum</strong></span> 
     </span>
     <span class='ocr_line' id='line_1_16' title="bbox 342 2048 1479 2133; baseline -0.002 -17"><span class='ocrx_word' id='word_1_124' title='bbox 342 2055 437 2116; x_wconf 74' lang='lat' dir='ltr'><strong>esset</strong></span> <span class='ocrx_word' id='word_1_125' title='bbox 479 2050 585 2131; x_wconf 86' lang='lat' dir='ltr'><strong>Atque</strong></span> <span class='ocrx_word' id='word_1_126' title='bbox 605 2048 688 2131; x_wconf 93' lang='lat' dir='ltr'><strong>quod</strong></span> <span class='ocrx_word' id='word_1_127' title='bbox 711 2049 936 2132; x_wconf 85' lang='lat' dir='ltr'><strong>gravissimum</strong></span> <span class='ocrx_word' id='word_1_128' title='bbox 960 2057 1018 2130; x_wconf 88' lang='lat' dir='ltr'><strong>est,</strong></span> <span class='ocrx_word' id='word_1_129' title='bbox 1045 2049 1127 2114; x_wconf 89' lang='lat' dir='ltr'><strong>illud</strong></span> <span class='ocrx_word' id='word_1_130' title='bbox 1149 2049 1276 2114; x_wconf 89' lang='lat' dir='ltr'><strong>corticis</strong></span> <span class='ocrx_word' id='word_1_131' title='bbox 1298 2051 1479 2133; x_wconf 83' lang='lat' dir='ltr'><strong>exemplum</strong></span> 
     </span>
     <span class='ocr_line' id='line_1_17' title="bbox 341 2151 1475 2236; baseline 0 -18"><span class='ocrx_word' id='word_1_132' title='bbox 341 2175 418 2218; x_wconf 92' lang='lat' dir='ltr'><strong>num</strong></span> <span class='ocrx_word' id='word_1_133' title='bbox 430 2152 511 2217; x_wconf 91' lang='lat' dir='ltr'><strong>adeo</strong></span> <span class='ocrx_word' id='word_1_134' title='bbox 523 2151 569 2216; x_wconf 87' lang='lat' dir='ltr'><strong>rei</strong></span> <span class='ocrx_word' id='word_1_135' title='bbox 581 2151 853 2217; x_wconf 88' lang='lat' dir='ltr'><strong>accommodatum</strong></span> <span class='ocrx_word' id='word_1_136' title='bbox 866 2159 924 2230; x_wconf 88' lang='lat' dir='ltr'><strong>est,</strong></span> <span class='ocrx_word' id='word_1_137' title='bbox 940 2158 975 2216; x_wconf 90' lang='lat' dir='ltr'><strong>ut</strong></span> <span class='ocrx_word' id='word_1_138' title='bbox 986 2158 1113 2236; x_wconf 85' lang='lat' dir='ltr'><strong>poetam</strong></span> <span class='ocrx_word' id='word_1_139' title='bbox 1130 2151 1235 2218; x_wconf 85' lang='lat' dir='ltr'><strong>facere</strong></span> <span class='ocrx_word' id='word_1_140' title='bbox 1247 2172 1309 2218; x_wconf 92' lang='lat' dir='ltr'><strong>non</strong></span> <span class='ocrx_word' id='word_1_141' title='bbox 1323 2153 1475 2236; x_wconf 87' lang='lat' dir='ltr'><strong>potuisse,</strong></span> 
     </span>
     <span class='ocr_line' id='line_1_18' title="bbox 322 2253 1480 2340; baseline 0 -20"><span class='ocrx_word' id='word_1_142' title='bbox 322 2261 325 2266; x_wconf 80' lang='grc'>’</span> <span class='ocrx_word' id='word_1_143' title='bbox 343 2256 421 2338; x_wconf 90' lang='lat' dir='ltr'><strong>quin</strong></span> <span class='ocrx_word' id='word_1_144' title='bbox 443 2254 477 2318; x_wconf 91' lang='lat' dir='ltr'><strong>id</strong></span> <span class='ocrx_word' id='word_1_145' title='bbox 498 2253 611 2318; x_wconf 89' lang='lat' dir='ltr'><strong>ultima</strong></span> <span class='ocrx_word' id='word_1_146' title='bbox 633 2275 729 2318; x_wconf 89' lang='lat' dir='ltr'><strong>manu</strong></span> <span class='ocrx_word' id='word_1_147' title='bbox 751 2254 917 2334; x_wconf 88' lang='lat' dir='ltr'><strong>insereret,</strong></span> <span class='ocrx_word' id='word_1_148' title='bbox 943 2254 1140 2320; x_wconf 73' lang='lat' dir='ltr'><strong>iudicemus?</strong></span> <span class='ocrx_word' id='word_1_149' title='bbox 1183 2256 1266 2320; x_wconf 89' lang='lat' dir='ltr'><strong>Nam</strong></span> <span class='ocrx_word' id='word_1_150' title='bbox 1290 2276 1361 2321; x_wconf 90' lang='lat' dir='ltr'><strong>cum</strong></span> <span class='ocrx_word' id='word_1_151' title='bbox 1384 2262 1480 2340; x_wconf 90' lang='lat' dir='ltr'><strong>poeta</strong></span> 
     </span>
     <span class='ocr_line' id='line_1_19' title="bbox 344 2357 1475 2442; baseline -0.001 -19"><span class='ocrx_word' id='word_1_152' title='bbox 344 2358 392 2424; x_wconf 93' lang='lat' dir='ltr'><strong>sic</strong></span> <span class='ocrx_word' id='word_1_153' title='bbox 413 2357 585 2441; x_wconf 90' lang='lat' dir='ltr'><strong>inciperet:</strong></span> <span class='ocrx_word' id='word_1_154' title='bbox 613 2379 692 2442; x_wconf 84' lang='lat' dir='ltr'><strong>qaae</strong></span> <span class='ocrx_word' id='word_1_155' title='bbox 715 2357 809 2440; x_wconf 75' lang='lat' dir='ltr'><strong>quasi</strong></span> <span class='ocrx_word' id='word_1_156' title='bbox 827 2359 1035 2433; x_wconf 82' lang='lat' dir='ltr'><strong>membranae,</strong></span> <span class='ocrx_word' id='word_1_157' title='bbox 1060 2357 1094 2421; x_wconf 90' lang='lat' dir='ltr'><strong>id</strong></span> <span class='ocrx_word' id='word_1_158' title='bbox 1116 2357 1320 2440; x_wconf 87' lang='lat' dir='ltr'><strong>potissimum</strong></span> <span class='ocrx_word' id='word_1_159' title='bbox 1343 2357 1475 2440; x_wconf 87' lang='lat' dir='ltr'><strong>studuit,</strong></span> 
     </span>
     <span class='ocr_line' id='line_1_20' title="bbox 343 2459 1479 2543; baseline 0 -19"><span class='ocrx_word' id='word_1_160' title='bbox 343 2469 379 2524; x_wconf 89' lang='lat' dir='ltr'><strong>ut</strong></span> <span class='ocrx_word' id='word_1_161' title='bbox 389 2459 555 2525; x_wconf 89' lang='lat' dir='ltr'><strong>tenuitatis</strong></span> <span class='ocrx_word' id='word_1_162' title='bbox 568 2459 811 2524; x_wconf 89' lang='lat' dir='ltr'><strong>simulacrorum</strong></span> <span class='ocrx_word' id='word_1_163' title='bbox 827 2460 1007 2543; x_wconf 84' lang='lat' dir='ltr'><strong>exemplum</strong></span> <span class='ocrx_word' id='word_1_164' title='bbox 1019 2467 1197 2542; x_wconf 89' lang='lat' dir='ltr'><strong>quaereret,</strong></span> <span class='ocrx_word' id='word_1_165' title='bbox 1214 2480 1317 2542; x_wconf 87' lang='lat' dir='ltr'><strong>eaque</strong></span> <span class='ocrx_word' id='word_1_166' title='bbox 1328 2459 1369 2526; x_wconf 87' lang='lat' dir='ltr'><strong>dc</strong></span> <span class='ocrx_word' id='word_1_167' title='bbox 1381 2479 1479 2525; x_wconf 89' lang='lat' dir='ltr'><strong>causa</strong></span> 
     </span>
     <span class='ocr_line' id='line_1_21' title="bbox 342 2562 1478 2647; baseline 0.001 -20"><span class='ocrx_word' id='word_1_168' title='bbox 342 2563 481 2647; x_wconf 89' lang='lat' dir='ltr'><strong>primum</strong></span> <span class='ocrx_word' id='word_1_169' title='bbox 504 2562 667 2628; x_wconf 88' lang='lat' dir='ltr'><strong>adiecerat</strong></span> <span class='ocrx_word' id='word_1_170' title='bbox 689 2583 806 2626; x_wconf 82' lang='lat' dir='ltr'><strong>samma</strong></span> <span class='ocrx_word' id='word_1_171' title='bbox 830 2563 867 2625; x_wconf 87' lang='lat' dir='ltr'><strong>de</strong></span> <span class='ocrx_word' id='word_1_172' title='bbox 890 2584 1029 2644; x_wconf 85' lang='lat' dir='ltr'><strong>corpore.</strong></span> <span class='ocrx_word' id='word_1_173' title='bbox 1077 2563 1119 2627; x_wconf 85' lang='lat' dir='ltr'><strong>At</strong></span> <span class='ocrx_word' id='word_1_174' title='bbox 1149 2569 1257 2628; x_wconf 84' lang='lat' dir='ltr'><strong>cortex</strong></span> <span class='ocrx_word' id='word_1_175' title='bbox 1285 2582 1390 2646; x_wconf 92' lang='lat' dir='ltr'><strong>neque</strong></span> <span class='ocrx_word' id='word_1_176' title='bbox 1412 2569 1478 2628; x_wconf 89' lang='lat' dir='ltr'><strong>tarn</strong></span> 
     </span>
     <span class='ocr_line' id='line_1_22' title="bbox 342 2664 1476 2748; baseline 0.001 -17"><span class='ocrx_word' id='word_1_177' title='bbox 342 2666 447 2732; x_wconf 86' lang='lat' dir='ltr'><strong>tennis</strong></span> <span class='ocrx_word' id='word_1_178' title='bbox 470 2672 534 2747; x_wconf 90' lang='lat' dir='ltr'><strong>est,</strong></span> <span class='ocrx_word' id='word_1_179' title='bbox 561 2672 597 2730; x_wconf 91' lang='lat' dir='ltr'><strong>ut</strong></span> <span class='ocrx_word' id='word_1_180' title='bbox 618 2665 775 2748; x_wconf 91' lang='lat' dir='ltr'><strong>aptiorem</strong></span> <span class='ocrx_word' id='word_1_181' title='bbox 798 2684 928 2730; x_wconf 90' lang='lat' dir='ltr'><strong>sensum</strong></span> <span class='ocrx_word' id='word_1_182' title='bbox 959 2664 1108 2730; x_wconf 83' lang='lat' dir='ltr'><strong>exhibeat</strong></span> <span class='ocrx_word' id='word_1_183' title='bbox 1136 2685 1232 2747; x_wconf 89' lang='lat' dir='ltr'><strong>quam</strong></span> <span class='ocrx_word' id='word_1_184' title='bbox 1261 2667 1476 2746; x_wconf 88' lang='lat' dir='ltr'><strong>membranae,</strong></span> 
     </span>
     <span class='ocr_line' id='line_1_23' title="bbox 342 2766 1480 2851; baseline -0.003 -17"><span class='ocrx_word' id='word_1_185' title='bbox 342 2789 464 2851; x_wconf 89' lang='lat' dir='ltr'><strong>neque,</strong></span> <span class='ocrx_word' id='word_1_186' title='bbox 492 2767 578 2850; x_wconf 91' lang='lat' dir='ltr'><strong>quod</strong></span> <span class='ocrx_word' id='word_1_187' title='bbox 599 2767 678 2831; x_wconf 93' lang='lat' dir='ltr'><strong>mihi</strong></span> <span class='ocrx_word' id='word_1_188' title='bbox 707 2767 842 2831; x_wconf 88' lang='lat' dir='ltr'><strong>multum</strong></span> <span class='ocrx_word' id='word_1_189' title='bbox 867 2767 977 2832; x_wconf 85' lang='lat' dir='ltr'><strong>valera</strong></span> <span class='ocrx_word' id='word_1_190' title='bbox 1005 2766 1142 2848; x_wconf 88' lang='lat' dir='ltr'><strong>videtur,</strong></span> <span class='ocrx_word' id='word_1_191' title='bbox 1176 2766 1312 2833; x_wconf 89' lang='lat' dir='ltr'><strong>candem</strong></span> <span class='ocrx_word' id='word_1_192' title='bbox 1340 2768 1480 2850; x_wconf 92' lang='lat' dir='ltr'><strong>speciem</strong></span> 
     </span>
     <span class='ocr_line' id='line_1_24' title="bbox 343 2869 1480 2953; baseline -0.002 -17"><span class='ocrx_word' id='word_1_193' title='bbox 343 2872 540 2951; x_wconf 88' lang='lat' dir='ltr'><strong>formamque</strong></span> <span class='ocrx_word' id='word_1_194' title='bbox 571 2870 653 2952; x_wconf 85' lang='lat' dir='ltr'><strong>gerit</strong></span> <span class='ocrx_word' id='word_1_195' title='bbox 686 2889 782 2951; x_wconf 87' lang='lat' dir='ltr'><strong>quarn</strong></span> <span class='ocrx_word' id='word_1_196' title='bbox 812 2871 908 2934; x_wconf 86' lang='lat' dir='ltr'><strong>robur</strong></span> <span class='ocrx_word' id='word_1_197' title='bbox 935 2869 1058 2953; x_wconf 90' lang='lat' dir='ltr'><strong>ipsum,</strong></span> <span class='ocrx_word' id='word_1_198' title='bbox 1098 2870 1182 2952; x_wconf 92' lang='lat' dir='ltr'><strong>quod</strong></span> <span class='ocrx_word' id='word_1_199' title='bbox 1211 2870 1309 2952; x_wconf 82' lang='lat' dir='ltr'><strong>tegit:</strong></span> <span class='ocrx_word' id='word_1_200' title='bbox 1342 2870 1375 2935; x_wconf 91' lang='lat' dir='ltr'><strong>id</strong></span> <span class='ocrx_word' id='word_1_201' title='bbox 1405 2890 1480 2934; x_wconf 93' lang='lat' dir='ltr'><strong>vero</strong></span> 
     </span>
     <span class='ocr_line' id='line_1_25' title="bbox 343 2971 1481 3059; baseline -0.002 -20"><span class='ocrx_word' id='word_1_202' title='bbox 343 2974 506 3059; x_wconf 88' lang='lat' dir='ltr'><strong>proprium</strong></span> <span class='ocrx_word' id='word_1_203' title='bbox 530 2979 579 3038; x_wconf 89' lang='lat' dir='ltr'><strong>est</strong></span> <span class='ocrx_word' id='word_1_204' title='bbox 601 2973 860 3052; x_wconf 88' lang='lat' dir='ltr'><strong>simulacrorum,</strong></span> <span class='ocrx_word' id='word_1_205' title='bbox 887 2978 939 3048; x_wconf 89' lang='lat' dir='ltr'><strong>ut,</strong></span> <span class='ocrx_word' id='word_1_206' title='bbox 965 2971 1112 3054; x_wconf 89' lang='lat' dir='ltr'><strong>quamvis</strong></span> <span class='ocrx_word' id='word_1_207' title='bbox 1135 2973 1245 3038; x_wconf 87' lang='lat' dir='ltr'><strong>tenuia</strong></span> <span class='ocrx_word' id='word_1_208' title='bbox 1268 2971 1346 3055; x_wconf 91' lang='lat' dir='ltr'><strong>sint,</strong></span> <span class='ocrx_word' id='word_1_209' title='bbox 1372 2980 1481 3038; x_wconf 88' lang='lat' dir='ltr'><strong>tamen</strong></span> 
     </span>
     <span class='ocr_line' id='line_1_26' title="bbox 344 3074 1480 3159; baseline -0.002 -17"><span class='ocrx_word' id='word_1_210' title='bbox 344 3077 481 3142; x_wconf 89' lang='lat' dir='ltr'><strong>eandem</strong></span> <span class='ocrx_word' id='word_1_211' title='bbox 505 3095 633 3159; x_wconf 89' lang='lat' dir='ltr'><strong>semper</strong></span> <span class='ocrx_word' id='word_1_212' title='bbox 656 3074 795 3158; x_wconf 85' lang='lat' dir='ltr'><strong>speciem</strong></span> <span class='ocrx_word' id='word_1_213' title='bbox 817 3094 895 3158; x_wconf 89' lang='lat' dir='ltr'><strong>prae</strong></span> <span class='ocrx_word' id='word_1_214' title='bbox 919 3094 955 3140; x_wconf 92' lang='lat' dir='ltr'><strong>se</strong></span> <span class='ocrx_word' id='word_1_215' title='bbox 978 3075 1084 3139; x_wconf 88' lang='lat' dir='ltr'><strong>ferant</strong></span> <span class='ocrx_word' id='word_1_216' title='bbox 1105 3095 1201 3157; x_wconf 91' lang='lat' dir='ltr'><strong>quam</strong></span> <span class='ocrx_word' id='word_1_217' title='bbox 1224 3095 1283 3140; x_wconf 90' lang='lat' dir='ltr'><strong>eae</strong></span> <span class='ocrx_word' id='word_1_218' title='bbox 1306 3095 1368 3154; x_wconf 84' lang='lat' dir='ltr'><strong>res,</strong></span> <span class='ocrx_word' id='word_1_219' title='bbox 1395 3075 1480 3140; x_wconf 90' lang='lat' dir='ltr'><strong>unde</strong></span> 
     </span>
     <span class='ocr_line' id='line_1_27' title="bbox 343 3177 1478 3262; baseline -0.003 -17"><span class='ocrx_word' id='word_1_220' title='bbox 343 3186 471 3245; x_wconf 83' lang='lat' dir='ltr'><strong>exeunt.</strong></span> <span class='ocrx_word' id='word_1_221' title='bbox 508 3179 595 3261; x_wconf 83' lang='lat' dir='ltr'><strong>Ergo</strong></span> <span class='ocrx_word' id='word_1_222' title='bbox 610 3198 673 3242; x_wconf 93' lang='lat' dir='ltr'><strong>non</strong></span> <span class='ocrx_word' id='word_1_223' title='bbox 688 3184 784 3262; x_wconf 86' lang='lat' dir='ltr'><strong>poeta</strong></span> <span class='ocrx_word' id='word_1_224' title='bbox 800 3197 854 3242; x_wconf 87' lang='lat' dir='ltr'><strong>cos</strong></span> <span class='ocrx_word' id='word_1_225' title='bbox 870 3177 1007 3260; x_wconf 88' lang='lat' dir='ltr'><strong>scripsit,</strong></span> <span class='ocrx_word' id='word_1_226' title='bbox 1024 3177 1081 3242; x_wconf 89' lang='lat' dir='ltr'><strong>sed</strong></span> <span class='ocrx_word' id='word_1_227' title='bbox 1092 3177 1181 3243; x_wconf 90' lang='lat' dir='ltr'><strong>idem</strong></span> <span class='ocrx_word' id='word_1_228' title='bbox 1191 3178 1248 3242; x_wconf 93' lang='lat' dir='ltr'><strong>ille</strong></span> <span class='ocrx_word' id='word_1_229' title='bbox 1260 3179 1478 3262; x_wconf 89' lang='lat' dir='ltr'><strong>interpolator.</strong></span> 
     </span>
     <span class='ocr_line' id='line_1_28' title="bbox 429 3279 1482 3364; baseline -0.002 -18"><span class='ocrx_word' id='word_1_230' title='bbox 429 3281 610 3364; x_wconf 84' lang='lat' dir='ltr'><strong>Adscripsit</strong></span> <span class='ocrx_word' id='word_1_231' title='bbox 629 3280 737 3363; x_wconf 82' lang='lat' dir='ltr'><strong>igitur,</strong></span> <span class='ocrx_word' id='word_1_232' title='bbox 764 3286 799 3344; x_wconf 92' lang='lat' dir='ltr'><strong>ut</strong></span> <span class='ocrx_word' id='word_1_233' title='bbox 821 3279 929 3344; x_wconf 89' lang='lat' dir='ltr'><strong>omnia</strong></span> <span class='ocrx_word' id='word_1_234' title='bbox 944 3279 1222 3363; x_wconf 87' lang='lat' dir='ltr'><strong>comprehendam,</strong></span> <span class='ocrx_word' id='word_1_235' title='bbox 1247 3279 1341 3344; x_wconf 91' lang='lat' dir='ltr'><strong>homo</strong></span> <span class='ocrx_word' id='word_1_236' title='bbox 1355 3280 1482 3345; x_wconf 87' lang='lat' dir='ltr'><strong>nescio-</strong></span> 
     </span>
     <span class='ocr_line' id='line_1_29' title="bbox 342 3382 1483 3467; baseline -0.002 -17"><span class='ocrx_word' id='word_1_237' title='bbox 342 3385 416 3467; x_wconf 87' lang='lat' dir='ltr'><strong>quis</strong></span> <span class='ocrx_word' id='word_1_238' title='bbox 439 3384 482 3450; x_wconf 90' lang='lat' dir='ltr'><strong>ad</strong></span> <span class='ocrx_word' id='word_1_239' title='bbox 503 3404 615 3450; x_wconf 86' lang='lat' dir='ltr'><strong>uersus</strong></span> <span class='ocrx_word' id='word_1_240' title='bbox 639 3386 765 3448; x_wconf 78' lang='lat'><strong>26-28</strong></span> <span class='ocrx_word' id='word_1_241' title='bbox 788 3383 846 3448; x_wconf 93' lang='lat' dir='ltr'><strong>illa</strong></span> <span class='ocrx_word' id='word_1_242' title='bbox 868 3383 967 3448; x_wconf 90' lang='lat' dir='ltr'><strong>verba</strong></span> <span class='ocrx_word' id='word_1_243' title='bbox 989 3382 1144 3447; x_wconf 81' lang='lat' dir='ltr'><strong>err-tertio</strong></span> <span class='ocrx_word' id='word_1_244' title='bbox 1167 3382 1247 3447; x_wconf 89' lang='lat' dir='ltr'><strong>libro</strong></span> <span class='ocrx_word' id='word_1_245' title='bbox 1273 3383 1421 3466; x_wconf 88' lang='lat' dir='ltr'><strong>repetita,</strong></span> <span class='ocrx_word' id='word_1_246' title='bbox 1447 3390 1483 3448; x_wconf 90' lang='lat' dir='ltr'><strong>ut</strong></span> 
     </span>
     <span class='ocr_line' id='line_1_30' title="bbox 342 3485 1480 3570; baseline -0.004 -18"><span class='ocrx_word' id='word_1_247' title='bbox 342 3489 376 3552; x_wconf 92' lang='lat' dir='ltr'><strong>in</strong></span> <span class='ocrx_word' id='word_1_248' title='bbox 394 3495 515 3552; x_wconf 82' lang='lat' dir='ltr'><strong>textum</strong></span> <span class='ocrx_word' id='word_1_249' title='bbox 531 3487 757 3570; x_wconf 88' lang='lat' dir='ltr'><strong>reciperentur,</strong></span> <span class='ocrx_word' id='word_1_250' title='bbox 783 3492 906 3550; x_wconf 89' lang='lat' dir='ltr'><strong>mutata</strong></span> <span class='ocrx_word' id='word_1_251' title='bbox 925 3485 1083 3569; x_wconf 87' lang='lat' dir='ltr'><strong>particula</strong></span> <span class='ocrx_word' id='word_1_252' title='bbox 1106 3485 1196 3549; x_wconf 85' lang='lat' dir='ltr'><strong>etin</strong></span> <span class='ocrx_word' id='word_1_253' title='bbox 1220 3486 1304 3566; x_wconf 82' lang='lat' dir='ltr'><strong>aed,</strong></span> <span class='ocrx_word' id='word_1_254' title='bbox 1331 3485 1480 3568; x_wconf 90' lang='lat' dir='ltr'><strong>quoniam</strong></span> 
     </span>
     <span class='ocr_line' id='line_1_31' title="bbox 342 3587 1481 3675; baseline -0.003 -20"><span class='ocrx_word' id='word_1_255' title='bbox 342 3591 407 3675; x_wconf 88' lang='lat' dir='ltr'><strong>ipsi</strong></span> <span class='ocrx_word' id='word_1_256' title='bbox 416 3611 529 3674; x_wconf 90' lang='lat' dir='ltr'><strong>parum</strong></span> <span class='ocrx_word' id='word_1_257' title='bbox 542 3590 730 3655; x_wconf 91' lang='lat' dir='ltr'><strong>concinnum</strong></span> <span class='ocrx_word' id='word_1_258' title='bbox 738 3588 917 3670; x_wconf 88' lang='lat' dir='ltr'><strong>videbatur,</strong></span> <span class='ocrx_word' id='word_1_259' title='bbox 928 3587 1011 3652; x_wconf 92' lang='lat' dir='ltr'><strong>duas</strong></span> <span class='ocrx_word' id='word_1_260' title='bbox 1023 3587 1260 3652; x_wconf 89' lang='lat' dir='ltr'><strong>enuntiationes</strong></span> <span class='ocrx_word' id='word_1_261' title='bbox 1273 3588 1481 3652; x_wconf 78' lang='lat' dir='ltr'><strong>secundariae</strong></span> 
     </span>
     <span class='ocr_line' id='line_1_32' title="bbox 343 3690 1481 3777; baseline -0.004 -19"><span class='ocrx_word' id='word_1_262' title='bbox 343 3715 364 3758; x_wconf 93' lang='lat' dir='ltr'><strong>a</strong></span> <span class='ocrx_word' id='word_1_263' title='bbox 375 3693 566 3777; x_wconf 89' lang='lat' dir='ltr'><strong>copulativis</strong></span> <span class='ocrx_word' id='word_1_264' title='bbox 578 3692 746 3777; x_wconf 79' lang='lat' dir='ltr'><strong>particulis</strong></span> <span class='ocrx_word' id='word_1_265' title='bbox 760 3691 909 3772; x_wconf 86' lang='lat' dir='ltr'><strong>exordiri,</strong></span> <span class='ocrx_word' id='word_1_266' title='bbox 925 3711 995 3756; x_wconf 91' lang='lat' dir='ltr'><strong>cum</strong></span> <span class='ocrx_word' id='word_1_267' title='bbox 1007 3690 1199 3775; x_wconf 89' lang='lat' dir='ltr'><strong>praesertim</strong></span> <span class='ocrx_word' id='word_1_268' title='bbox 1210 3691 1244 3754; x_wconf 93' lang='lat' dir='ltr'><strong>in</strong></span> <span class='ocrx_word' id='word_1_269' title='bbox 1256 3711 1367 3756; x_wconf 83' lang='lat' dir='ltr'><strong>uersus</strong></span> <span class='ocrx_word' id='word_1_270' title='bbox 1379 3691 1481 3755; x_wconf 88' lang='lat' dir='ltr'><strong>fronte</strong></span> 
     </span>
     <span class='ocr_line' id='line_1_33' title="bbox 344 3792 1478 3878; baseline -0.005 -16"><span class='ocrx_word' id='word_1_271' title='bbox 344 3803 477 3878; x_wconf 89' lang='lat' dir='ltr'><strong>starent,</strong></span> <span class='ocrx_word' id='word_1_272' title='bbox 504 3803 536 3862; x_wconf 93' lang='lat' dir='ltr'><strong>et</strong></span> <span class='ocrx_word' id='word_1_273' title='bbox 558 3795 602 3860; x_wconf 92' lang='lat' dir='ltr'><strong>ad</strong></span> <span class='ocrx_word' id='word_1_274' title='bbox 624 3814 752 3860; x_wconf 88' lang='lat' dir='ltr'><strong>versum</strong></span> <span class='ocrx_word' id='word_1_275' title='bbox 777 3798 816 3857; x_wconf 83' lang='lat'><strong>30</strong></span> <span class='ocrx_word' id='word_1_276' title='bbox 831 3795 907 3859; x_wconf 90' lang='lat' dir='ltr'><strong>illos</strong></span> <span class='ocrx_word' id='word_1_277' title='bbox 923 3800 999 3873; x_wconf 87' lang='lat' dir='ltr'><strong>tres,</strong></span> <span class='ocrx_word' id='word_1_278' title='bbox 1027 3813 1106 3875; x_wconf 91' lang='lat' dir='ltr'><strong>quos</strong></span> <span class='ocrx_word' id='word_1_279' title='bbox 1122 3793 1192 3876; x_wconf 91' lang='lat' dir='ltr'><strong>ipse</strong></span> <span class='ocrx_word' id='word_1_280' title='bbox 1208 3792 1383 3858; x_wconf 88' lang='lat' dir='ltr'><strong>fabricatus</strong></span> <span class='ocrx_word' id='word_1_281' title='bbox 1400 3799 1478 3868; x_wconf 84' lang='lat' dir='ltr'><strong>erat,</strong></span> 
     </span>
    </p>
   </div>
   <div class='ocr_carea' id='block_1_3' title="bbox 343 3894 1483 4389">
    <p class='ocr_par' dir='ltr' id='par_1_3' title="bbox 343 3894 1483 4389">
     <span class='ocr_line' id='line_1_34' title="bbox 344 3894 1480 3984; baseline -0.004 -19"><span class='ocrx_word' id='word_1_282' title='bbox 344 3908 379 3966; x_wconf 90' lang='lat' dir='ltr'><strong>ut</strong></span> <span class='ocrx_word' id='word_1_283' title='bbox 400 3908 517 3984; x_wconf 84' lang='lat' dir='ltr'><strong>poetae</strong></span> <span class='ocrx_word' id='word_1_284' title='bbox 531 3899 631 3964; x_wconf 90' lang='lat' dir='ltr'><strong>verba</strong></span> <span class='ocrx_word' id='word_1_285' title='bbox 646 3897 723 3978; x_wconf 89' lang='lat' dir='ltr'><strong>suis,</strong></span> <span class='ocrx_word' id='word_1_286' title='bbox 750 3897 912 3979; x_wconf 88' lang='lat' dir='ltr'><strong>quaesibi</strong></span> <span class='ocrx_word' id='word_1_287' title='bbox 931 3897 1055 3980; x_wconf 88' lang='lat' dir='ltr'><strong>aptiora</strong></span> <span class='ocrx_word' id='word_1_288' title='bbox 1071 3896 1266 3976; x_wconf 88' lang='lat' dir='ltr'><strong>viderentur,</strong></span> <span class='ocrx_word' id='word_1_289' title='bbox 1293 3894 1480 3980; x_wconf 83' lang='lat' dir='ltr'><strong>depelleret.</strong></span> 
     </span>
     <span class='ocr_line' id='line_1_35' title="bbox 344 3998 1483 4084; baseline -0.006 -16"><span class='ocrx_word' id='word_1_290' title='bbox 344 4003 408 4069; x_wconf 88' lang='lat' dir='ltr'><strong>Sed</strong></span> <span class='ocrx_word' id='word_1_291' title='bbox 438 4003 483 4083; x_wconf 93' lang='lat' dir='ltr'><strong>is,</strong></span> <span class='ocrx_word' id='word_1_292' title='bbox 516 4002 571 4084; x_wconf 90' lang='lat' dir='ltr'><strong>qui</strong></span> <span class='ocrx_word' id='word_1_293' title='bbox 585 4000 735 4066; x_wconf 87' lang='lat' dir='ltr'><strong>codicem</strong></span> <span class='ocrx_word' id='word_1_294' title='bbox 766 3999 861 4064; x_wconf 86' lang='lat' dir='ltr'><strong>huius</strong></span> <span class='ocrx_word' id='word_1_295' title='bbox 888 3999 1125 4082; x_wconf 86' lang='lat' dir='ltr'><strong>interpolatoris</strong></span> <span class='ocrx_word' id='word_1_296' title='bbox 1155 3998 1372 4081; x_wconf 85' lang='lat' dir='ltr'><strong>transcripsit,</strong></span> <span class='ocrx_word' id='word_1_297' title='bbox 1405 3998 1483 4062; x_wconf 91' lang='lat' dir='ltr'><strong>reti-</strong></span> 
     </span>
     <span class='ocr_line' id='line_1_36' title="bbox 344 4099 1479 4186; baseline -0.005 -17"><span class='ocrx_word' id='word_1_298' title='bbox 344 4105 414 4169; x_wconf 91' lang='lat' dir='ltr'><strong>nuit</strong></span> <span class='ocrx_word' id='word_1_299' title='bbox 440 4103 591 4168; x_wconf 89' lang='lat' dir='ltr'><strong>traditam</strong></span> <span class='ocrx_word' id='word_1_300' title='bbox 622 4101 828 4186; x_wconf 87' lang='lat' dir='ltr'><strong>scripturam,</strong></span> <span class='ocrx_word' id='word_1_301' title='bbox 861 4100 987 4166; x_wconf 87' lang='lat' dir='ltr'><strong>addidit</strong></span> <span class='ocrx_word' id='word_1_302' title='bbox 1016 4108 1125 4165; x_wconf 91' lang='lat' dir='ltr'><strong>tamen</strong></span> <span class='ocrx_word' id='word_1_303' title='bbox 1157 4119 1214 4165; x_wconf 88' lang='lat' dir='ltr'><strong>cas</strong></span> <span class='ocrx_word' id='word_1_304' title='bbox 1244 4099 1479 4178; x_wconf 68' lang='lat' dir='ltr'><strong>adnotationes</strong></span> 
     </span>
     <span class='ocr_line' id='line_1_37' title="bbox 344 4202 1482 4290; baseline -0.006 -18"><span class='ocrx_word' id='word_1_305' title='bbox 344 4227 416 4272; x_wconf 89' lang='lat' dir='ltr'><strong>cum</strong></span> <span class='ocrx_word' id='word_1_306' title='bbox 453 4207 568 4290; x_wconf 88' lang='lat' dir='ltr'><strong>quibus</strong></span> <span class='ocrx_word' id='word_1_307' title='bbox 601 4224 714 4270; x_wconf 88' lang='lat' dir='ltr'><strong>versus</strong></span> <span class='ocrx_word' id='word_1_308' title='bbox 749 4206 800 4266; x_wconf 84' lang='lat'><strong>29.</strong></span> <span class='ocrx_word' id='word_1_309' title='bbox 839 4207 879 4268; x_wconf 84' lang='lat'><strong>30</strong></span> <span class='ocrx_word' id='word_1_310' title='bbox 914 4203 1094 4286; x_wconf 84' lang='lat' dir='ltr'><strong>coniunxit,</strong></span> <span class='ocrx_word' id='word_1_311' title='bbox 1136 4203 1205 4268; x_wconf 91' lang='lat' dir='ltr'><strong>sine</strong></span> <span class='ocrx_word' id='word_1_312' title='bbox 1243 4202 1359 4284; x_wconf 88' lang='lat' dir='ltr'><strong>quibus</strong></span> <span class='ocrx_word' id='word_1_313' title='bbox 1395 4203 1482 4266; x_wconf 88' lang='lat' dir='ltr'><strong>nulla</strong></span> 
     </span>
     <span class='ocr_line' id='line_1_38' title="bbox 343 4303 1479 4389; baseline -0.005 -16"><span class='ocrx_word' id='word_1_314' title='bbox 343 4309 427 4374; x_wconf 89' lang='lat' dir='ltr'><strong>inter</strong></span> <span class='ocrx_word' id='word_1_315' title='bbox 449 4329 484 4374; x_wconf 92' lang='lat' dir='ltr'><strong>se</strong></span> <span class='ocrx_word' id='word_1_316' title='bbox 508 4308 729 4373; x_wconf 89' lang='lat' dir='ltr'><strong>coniunctione</strong></span> <span class='ocrx_word' id='word_1_317' title='bbox 751 4306 876 4389; x_wconf 89' lang='lat' dir='ltr'><strong>positae</strong></span> <span class='ocrx_word' id='word_1_318' title='bbox 898 4305 1099 4387; x_wconf 84' lang='lat' dir='ltr'><strong>videbantur,</strong></span> <span class='ocrx_word' id='word_1_319' title='bbox 1127 4305 1186 4369; x_wconf 90' lang='lat' dir='ltr'><strong>sub</strong></span> <span class='ocrx_word' id='word_1_320' title='bbox 1210 4305 1349 4388; x_wconf 80' lang='lat' dir='ltr'><strong>paginae</strong></span> <span class='ocrx_word' id='word_1_321' title='bbox 1372 4303 1479 4384; x_wconf 87' lang='lat' dir='ltr'><strong>linem,</strong></span> 
     </span>
    </p>
   </div>
   <div class='ocr_carea' id='block_1_4' title="bbox 0 0 1663 5280">
    <p class='ocr_par' dir='ltr' id='par_1_4' title="bbox 0 0 1663 5280">
     <span class='ocr_line' id='line_1_39' title="bbox 0 0 1663 5280; baseline 0 0"><span class='ocrx_word' id='word_1_322' title='bbox 0 0 1663 5280; x_wconf 95' lang='lat' dir='ltr'><strong> </strong></span> 
     </span>
    </p>
   </div>
  </div>
 </body>
</html>
