3312 5280
644 421 860 481 ...59-

183 605 271 672 haud
294 605 559 672 contemnendum
580 605 776 690 praesidium
793 605 927 686 accedit,
947 605 1205 690 quandoquidem
1220 606 1318 673 inter·-

185 709 361 794 polatorem
384 709 451 774 talc
474 708 718 774 constructionis
741 707 852 774 vitium
877 709 988 792 fugere
1009 709 1122 793 potuit.
1147 747 1190 757 -

269 845 334 912 Sed
349 844 391 910 ad
406 846 503 911 aliam
518 845 720 912 iterationum
737 846 853 912 seriem
869 847 1070 927 accedamus,
1100 847 1190 912 cuius
1207 867 1317 912 exem-

184 950 254 1032 plar
276 969 315 1015 ac
338 949 409 1015 fons
432 956 481 1014 est
503 949 529 1031 Ι,
557 951 722 1013 uso-93:
1321 954 1325 964 ’

328 1053 411 1135 quod
420 1053 537 1138 farere
559 1051 646 1115 haud
666 1051 731 1115 uilo
754 1053 864 1116 debeat
883 1052 1060 1132 primordia
1076 1061 1186 1134 pacto.

329 1153 521 1217 immutabile
544 1154 625 1217 euim
648 1155 797 1238 quiddam
819 1175 968 1236 superare
989 1163 1151 1232 necessest,

327 1278 364 1319 ue
386 1277 437 1320 res
459 1257 503 1320 ad
522 1256 621 1320 mitum
643 1257 829 1340 redipautur
840 1257 996 1342 funditus
1019 1279 1143 1321 omues:

326 1379 399 1426 uam
422 1360 632 1442 quodcumque
654 1359 719 1422 suis
741 1367 893 1423 mutatam
902 1360 1028 1444 fluibus
1050 1360 1124 1437 exit,

327 1461 471 1525 contiuuo
493 1461 550 1524 doc
572 1483 655 1525 mors
678 1469 725 1552 est
745 1461 832 1525 illius
855 1464 939 1545 quod
948 1463 1024 1548 suit
1046 1472 1128 1526 aute.

184 1563 252 1651 Hoc
274 1562 359 1628 enim
382 1564 452 1628 loeo
467 1563 636 1629 Lucretius
653 1583 761 1628 eorum
777 1564 979 1642 sententiam,
997 1565 1051 1648 qui
1070 1585 1110 1630 ex
1126 1566 1215 1630 caclo
1231 1565 1317 1631 eius-

184 1684 244 1746 que
266 1665 394 1748 ignibus
416 1685 492 1730 acra
513 1666 648 1730 imbrem
669 1673 786 1732 terram
803 1659 1104 1752 'creari'omniaque
1126 1666 1168 1732 ad
1195 1668 1318 1733 caelum

183 1765 287 1832 redire
309 1786 347 1832 ac
369 1773 524 1851 perpetuo
547 1767 665 1832 circulo
687 1767 815 1851 singula
836 1768 947 1832 mundi
976 1769 1119 1834 membra
1147 1770 1319 1834 sustentari

184 1876 307 1954 putent,
323 1869 452 1946 refutat,
467 1877 538 1934 cum
550 1876 683 1942 aeterna
693 1869 868 1954 primordia
879 1871 995 1936 mutari
1007 1891 1071 1936 non
1082 1891 1178 1955 posse
1190 1871 1314 1938 doceat.

184 1973 231 2036 Ac
253 1978 338 2037 recte
361 1971 501 2054 quidem.
548 1973 646 2038 Falso
669 1972 717 2036 illi
735 1992 847 2038 versus
870 1972 1004 2056 repetiti,
1020 1979 1094 2038 sunt
1115 1973 1149 2036 in
1172 1974 1318 2038 versibus

632 2074 679 2157 11,
707 2079 867 2139 uro-ee.

367 2181 523 2262 (rso-54
547 2209 589 2234 =
611 2179 637 2261 1,
665 2181 829 2260 789÷933
858 2183 919 2242 756
943 2209 985 2234 =
1007 2179 1033 2256 Ι,
1061 2182 1133 2261 797)

383 2282 481 2345 amuis
504 2283 585 2346 em'm
607 2283 693 2346 color
715 2281 838 2346 omniuo
861 2291 1002 2346 mutatur
1024 2291 1054 2346 et
1076 2283 1195 2358 omniu·

294 2388 355 2449 750
378 2386 462 2469 quod
471 2386 589 2470 facere
611 2385 699 2448 daud
718 2385 783 2448 uilo
805 2385 918 2448 debeat
933 2385 1113 2466 primordia
1129 2395 1237 2467 pacto.

350 2493 352 2498 ’
383 2487 575 2550 immutabile
598 2487 679 2551 euim
702 2487 852 2572 quiddam
873 2509 1022 2570 superare
1044 2497 1205 2569 necessest,

382 2613 420 2653 ue
442 2612 492 2654 res
515 2591 559 2654 ad
578 2591 677 2654 mitum
699 2589 883 2674 rediqautm·
897 2589 1052 2674 funditus
1074 2611 1196 2653 ommes:

382 2715 454 2756 mam
478 2695 689 2777 quodcumque
711 2693 777 2756 suis
799 2701 953 2756 mutatum
962 2692 1088 2776 finibus
1110 2693 1183 2772 exit,

383 2796 527 2859 coutiauo
549 2795 606 2858 doc
628 2818 711 2859 mors
733 2804 781 2859 est
802 2795 889 2859 iilius
912 2797 998 2880 quod
1007 2795 1082 2881 fuit
1104 2804 1187 2860 aute.

295 2902 355 2962 755
376 2899 510 2981 proinde
532 2899 634 2962 colore
656 2921 730 2962 caue
752 2899 913 2982 coutiuqas
935 2898 1053 2962 semiua
1075 2919 1190 2978 rerum,

382 3024 419 3064 ue
444 3001 503 3064 tibi
522 3022 573 3064 res
595 3003 724 3065 redeaut
745 3003 790 3065 ad
809 3001 907 3065 aidum
919 3001 1074 3086 funditus
1097 3023 1210 3065 omues.
1307 3025 1309 3034 ’

186 3103 269 3167 Nam
291 3109 376 3168 totus
398 3103 450 3168 hic
472 3105 560 3169 locus
583 3124 604 3168 a
625 3103 772 3169 Lucretio
795 3105 932 3187 scriptus
956 3123 1028 3168 esse
1050 3104 1170 3185 nequit.
1218 3103 1319 3170 Doleo

186 3213 304 3283 autem,
330 3207 414 3289 quod
436 3206 563 3271 initium
585 3207 655 3272 cius
678 3227 758 3273 sana
781 3206 938 3290 scriptura
961 3212 1057 3286 caret,
1085 3227 1156 3271 cum
1171 3207 1269 3273 uerba
1291 3216 1322 3271 et

188 3309 285 3372 cuiuis
308 3309 463 3392 explicari
484 3329 548 3374 non
563 3310 698 3393 possint.
738 3310 850 3392 Neque
867 3316 974 3374 tamen
990 3328 1104 3374 sensus
1119 3309 1232 3375 horum
1246 3331 1320 3376 ver-

188 3432 279 3477 suum
309 3413 462 3478 obscurus
493 3419 558 3493 est,
589 3433 683 3494 quem
707 3413 824 3496 optime
855 3411 1004 3496 exposuit
1032 3412 1204 3495 Briogerus
1235 3413 1320 3496 [Phi-

186 3516 282 3598 lolog.
308 3515 411 3596 XXV,
438 3535 493 3599 pg.
520 3519 592 3596 691:
633 3515 884 3581 »Farbenbesitu
910 3515 953 3580 ist
974 3514 1032 3579 mit
1053 3515 1321 3580 Farbenwechsel

186 3617 372 3684 verbunden
394 3618 459 3682 und
481 3617 587 3683 dieser
607 3617 695 3682 nicht
717 3617 800 3683 ohne
815 3616 1126 3700 Mitverwandelung
1145 3617 1202 3682 der
1216 3617 1321 3700 Dinge

187 3719 337 3802 moglioh.
384 3719 445 3785 Die
467 3721 581 3785 Atome
604 3720 682 3784 aber
704 3719 817 3784 durren
841 3717 910 3784 sich
932 3718 1020 3783 nicht
1042 3718 1316 3800 mitverwandeln,

187 3821 261 3885 weil
283 3827 373 3886 sonst
396 3821 475 3905 jede
497 3821 601 3904 ewige
624 3820 810 3904 Grundlagc
832 3819 943 3886 fehlte.
990 3818 1136 3902 Folglich
1165 3819 1248 3902 (sind
1270 3820 1321 3885 die

187 3923 359 4007 primordia
374 3923 457 3988 ohne
472 3924 617 4007 Farbe)«.
657 3924 747 3990 Duas
769 3929 877 3989 autem
901 3941 1015 3988 causas
1031 3922 1144 4003 habeo,
1171 3943 1227 3988 our
1242 3921 1322 3989 haec

187 4046 208 4090 a
229 4025 376 4092 Lucretio
399 4026 505 4092 aliena
527 4025 722 4092 existimem.
762 4027 809 4091 Ac
831 4026 968 4110 primum
990 4025 1119 4107 quidem
1141 4024 1321 4090 Lucretium

188 4129 319 4192 urrrltum
343 4128 474 4211 afuisse,
501 4135 536 4194 ut
557 4149 622 4193 una
645 4121 715 4194 cum
735 4128 849 4194 coloris
865 4127 1040 4193 mutatione
1056 4147 1107 4192 res
1123 4127 1238 4192 mutari
1254 4147 1323 4192 cre-

188 4231 286 4312 deret,
314 4231 490 4297 clarissime
514 4241 648 4315 apparet
670 4251 710 4297 ex
734 4233 928 4312 tao-807,
956 4251 1027 4296 oum
1051 4230 1269 4295 columbarum
1292 4237 1324 4296 et

188 4333 324 4416 pavonis
353 4334 481 4417 plumas
510 4333 669 4400 interdum
706 4333 779 4398 aliis
809 4332 967 4414 coloribus
996 4332 1098 4398 videri
1127 4331 1227 4415 dicat,
1260 4335 1323 4398 no'n
