3312 5280
802 424 1015 484 „28-

344 607 413 678 ἀλλ’
455 611 594 698 ἐφέρετο
632 607 718 674 κατὰ
754 606 791 674 τὸ
827 604 970 694 ἄπειρον
1003 607 1101 674 κενὸν
1133 610 1365 694 διεσπαρμένα
1404 605 1476 675 oria
1530 629 1532 636 ⁴

345 715 499 797 έχοατα
523 711 572 778 τὰ
594 709 889 798 ὑπερείόαατα
912 713 982 777 καὶ
1013 714 1249 777 στέλλοντα
1273 710 1381 777 κατὰ
1403 710 1476 790 τὰς

345 814 587 894 draconeis:
613 818 677 882 nisi
698 816 823 882 infinito
838 835 971 881 numero
986 824 1104 894 essent,
1130 816 1305 900 primordia
1320 836 1476 898 nusquam

344 922 564 1002 consisterent,
591 921 650 986 scd
672 921 829 986 ferrentur
850 939 908 1003 per
922 918 1080 984 infinitum
1095 919 1192 984 inane
1208 921 1366 1004 dispersa,
1392 920 1477 1002 quod

344 1046 408 1091 non
431 1046 470 1090 ea
491 1024 657 1103 haberent,
685 1043 766 1105 quae
790 1023 1000 1101 sustinerent,
1027 1023 1207 1104 siquando
1231 1025 1350 1106 plagae
1372 1025 1478 1088 resili-

344 1135 425 1194 rent.
473 1127 576 1204 Quam
600 1147 731 1192 causam
754 1126 843 1209 apud
865 1125 1048 1190 Lucretium
1077 1125 1111 1189 in
1138 1126 1283 1191 versibus
1317 1130 1475 1190 loll—8

345 1232 491 1314 legimus.
540 1229 675 1294 Addidit
703 1230 773 1313 ipse
796 1230 931 1294 alteram
954 1249 1041 1304 eam,
1067 1229 1152 1311 quod
1173 1229 1207 1292 in
1229 1237 1385 1313 perpetua
1406 1231 1476 1295 rice

344 1335 440 1398 rebus
463 1353 548 1397 nova
573 1351 698 1415 semper
720 1331 874 1396 alimenta
897 1330 1086 1396 adducenda
1108 1339 1226 1396 essent.

436 1434 549 1518 (Quam
582 1454 714 1499 causam
744 1454 807 1498 non
836 1435 1025 1517 locupletem
1064 1453 1136 1499 csse
1172 1435 1375 1500 manifestum
1407 1443 1474 1500 est:

349 1539 454 1623 possis
478 1538 562 1604 enim
592 1537 749 1620 cogitare,
782 1537 815 1600 in
846 1556 971 1601 summa
1000 1546 1109 1602 creata
1141 1557 1195 1616 ea,
1223 1558 1304 1619 quae
1334 1540 1375 1603 ab
1405 1539 1477 1603 aliis

345 1642 439 1706 rebus
454 1639 597 1706 defluant
611 1639 795 1724 primordia,
821 1659 893 1704 cum
909 1647 1040 1704 aeterna
1056 1640 1129 1720 sint,
1156 1641 1240 1705 alias
1263 1661 1417 1722 recreare,
1437 1651 1478 1706 ut

345 1743 439 1825 quasi
460 1741 678 1827 compensatio
700 1741 858 1824 quaedam
880 1741 963 1806 inter
985 1762 1096 1807 omnes
1115 1762 1167 1807 res
1183 1743 1249 1826 fiat,
1277 1763 1340 1825 qua
1356 1765 1478 1809 summa

238 1889 240 1893 .
345 1852 454 1911 creata
476 1847 644 1927 servetur.)

430 1949 544 2030 Neque
565 1955 672 2013 tamen
688 1947 855 2013 Lucretius
871 1947 931 2012 has
946 1947 1027 2012 duas
1044 1967 1169 2027 causae,
1196 1948 1282 2030 quod
1298 1956 1475 2032 exspectes,

345 2053 409 2116 illis
425 2052 570 2117 versibus
591 2053 775 2134 (1014-8),
802 2051 845 2114 ad
867 2069 946 2133 quoe
968 2050 1136 2133 pertinent,
1163 2051 1319 2130 adiunxit,
1347 2051 1406 2115 sed
1427 2052 1479 2114 iu-

346 2154 446 2220 scruit
472 2173 583 2219 versus
617 2157 696 2216 1021
722 2172 791 2236 sqq.
822 2159 984 2235 tamquam
1007 2153 1212 2234 anacolutho,
1246 2161 1281 2218 ut
1303 2154 1375 2218 illos
1398 2153 1477 2218 duos

345 2255 559 2322 confirmaret:

456 2361 538 2422 1019
567 2357 632 2420 sc'oe
653 2358 730 2420 adeo
747 2357 856 2439 potius
877 2379 1047 2440 numquam
1069 2367 1213 2421 cosmeta
1235 2367 1371 2422 creasset

567 2461 666 2524 allam
687 2481 764 2535 rem,
791 2460 936 2543 quoniam
959 2461 1030 2542 copi
1050 2461 1180 2524 disiecta
1202 2461 1368 2544 nequisset.

346 2566 431 2629 Nam
453 2583 636 2640 concursus,
662 2563 776 2644 inquit,
803 2563 954 2628 materiae
976 2563 1010 2627 in
1032 2564 1139 2646 plagis
1162 2564 1287 2647 positus
1313 2572 1371 2645 est,
1399 2548 1480 2647 quae

346 2675 455 2732 tamen
477 2667 596 2731 frustra
617 2666 776 2746 laborant,
802 2666 875 2745 nisi,
903 2665 1048 2747 quotiens
1063 2667 1187 2731 resilire
1203 2654 1371 2749 coguntur,
1397 2669 1480 2750 quod

346 2769 505 2834 interdum
528 2769 563 2832 fit
590 2768 657 2848 [cfr.
678 2772 785 2850 10461,
813 2789 853 2833 ex
875 2767 1001 2832 infinita
1024 2769 1116 2852 copia
1138 2771 1291 2834 materiae
1314 2790 1398 2834 nova
1413 2773 1480 2855 pri-

348 2870 471 2935 mordia
494 2891 602 2935 eorum
624 2871 730 2935 locum
753 2877 920 2954 occupant,
947 2856 1029 2952 quae
1052 2871 1268 2936 resilientibus
1285 2872 1352 2936 illis
1368 2875 1408 2938 ab
1424 2875 1481 2938 illo

347 2981 440 3039 coetu
462 2973 615 3038 materiae
638 2973 814 3039 discedant.
855 2974 923 3038 Hoc
946 2974 1042 3056 igitur
1065 2974 1134 3039 sine
1157 2974 1253 3039 dubio
1276 2976 1389 3040 scutit:
1416 2979 1482 3060 pri-

348 3076 470 3141 mordia
485 3076 623 3161 primum
645 3076 751 3158 plagis
773 3077 820 3140 ita
841 3084 1036 3159 congregata
1051 3096 1134 3154 esse,
1161 3083 1196 3142 ut
1211 3078 1357 3161 singulae
1373 3089 1481 3163 partes

348 3186 528 3245 orerentur:
561 3187 596 3243 ut
623 3187 730 3244 autem
753 3186 852 3245 totam
875 3199 1032 3244 summam
1056 3189 1194 3244 creatam
1219 3182 1395 3247 consistere
1418 3203 1481 3247 non

347 3301 454 3365 posse,
479 3281 540 3346 nisi
556 3281 773 3346 resilientibus
789 3283 895 3366 plagis
918 3289 950 3347 et
965 3283 1146 3365 primordiis
1169 3283 1290 3365 aliquot
1313 3284 1483 3350 disceden-

348 3385 432 3450 tibus
448 3384 515 3448 alia
530 3403 570 3448 ex
586 3383 709 3448 infinita
725 3385 878 3450 materiae
894 3386 986 3469 copia
1001 3393 1220 3451 succurrerent
1238 3388 1419 3470 (roro-8),
1436 3389 1483 3453 sic

348 3487 444 3552 etiam
460 3487 534 3552 illas
550 3493 657 3570 partes
674 3487 846 3552 consistere
860 3508 923 3552 non
939 3489 1092 3572 potuisse,
1112 3489 1174 3553 uisi
1194 3490 1240 3554 eis
1256 3510 1341 3554 nova
1356 3511 1483 3575 semper

348 3588 523 3672 primordia
545 3596 699 3671 suggesta
721 3597 845 3669 essent,
874 3589 969 3672 idque
992 3611 1033 3656 ex
1054 3581 1179 3655 infinita
1202 3592 1293 3674 copia
1315 3593 1478 3658 materiae.

435 3689 484 3756 ob
507 3711 579 3756 eam
607 3691 705 3773 igitur
735 3711 866 3756 oausam
895 3711 1007 3758 versus
1040 3696 1118 3756 1021
1133 3695 1207 3756 -8
1238 3701 1303 3758 tam
1332 3694 1482 3760 difficiles

336 3801 439 3872 ¹sunt,
466 3793 552 3874 quod
574 3794 673 3858 menti
688 3801 818 3878 poetae,
846 3815 919 3860 cum
942 3796 1000 3860 bos
1029 3796 1199 3875 scriberet,
1233 3797 1298 3861 iam
1327 3797 1361 3862 id
1386 3819 1483 3880 argu-

350 3904 489 3961 mentum
505 3898 746 3978 obversabatur,
772 3897 857 3980 quod
879 3905 991 3982 postea
1008 3899 1154 3964 versibus
1178 3903 1259 3962 tora
1270 3903 1336 3963 —8
1352 3901 1482 3984 exposi-

348 4007 438 4066 turus
461 4006 537 4064 erat.
578 3999 741 4065 Delendos
763 4007 870 4065 autem
893 4001 966 4065 illos
990 4021 1062 4066 esse
1085 4009 1120 4066 ut
1142 4022 1182 4066 ex
1199 4004 1236 4082 V,
1256 4005 1416 4068 llo-23.
1442 4007 1481 4068 28

350 4103 434 4168 falso
446 4103 575 4168 iteratos
588 4109 620 4168 ct
632 4103 671 4168 ob
684 4103 766 4168 hanc
778 4123 910 4167 causam
923 4110 955 4168 ct
966 4105 1006 4169 ob
1020 4105 1164 4178 alteram,
1181 4125 1276 4188 quam
1289 4107 1395 4171 statim
1407 4127 1484 4191 pro-

349 4227 478 4290 ponam,
503 4206 590 4270 nullo
613 4205 707 4270 modo
729 4206 862 4271 concedi
885 4214 1000 4290 potest,
1026 4208 1188 4290 quoniam,
1216 4209 1243 4272 si
1267 4211 1295 4273 ei
1319 4209 1479 4288 deessent,

348 4328 461 4374 versus
