<?xml version="1.0" encoding="UTF-8"?>
<!DOCTYPE html PUBLIC "-//W3C//DTD XHTML 1.0 Transitional//EN"
    "http://www.w3.org/TR/xhtml1/DTD/xhtml1-transitional.dtd">
<html xmlns="http://www.w3.org/1999/xhtml" xml:lang="en" lang="en">
 <head>
  <title>
</title>
<meta http-equiv="Content-Type" content="text/html;charset=utf-8" />
  <meta name='ocr-system' content='tesseract 3.04.00' />
  <meta name='ocr-capabilities' content='ocr_page ocr_carea ocr_par ocr_line ocrx_word'/>
</head>
<body>
  <div class='ocr_page' id='page_1' title='image "./deversibusinluc00gneigoog_0071.png"; bbox 0 0 3312 5280; ppageno 0'>
   <div class='ocr_carea' id='block_1_1' title="bbox 793 412 1008 472">
    <p class='ocr_par' dir='ltr' id='par_1_1' title="bbox 793 412 1008 472">
     <span class='ocr_line' id='line_1_1' title="bbox 793 412 1008 472; baseline 0 -16"><span class='ocrx_word' id='word_1_1' title='bbox 793 412 1008 472; x_wconf 73' lang='grc'>..66-</span> 
     </span>
    </p>
   </div>
   <div class='ocr_carea' id='block_1_2' title="bbox 291 600 1473 4387">
    <p class='ocr_par' dir='ltr' id='par_1_2' title="bbox 475 600 1274 786">
     <span class='ocr_line' id='line_1_2' title="bbox 475 600 1274 685; baseline 0.001 -24"><span class='ocrx_word' id='word_1_2' title='bbox 475 623 530 662; x_wconf 85' lang='lat' dir='ltr'>nee</span> <span class='ocrx_word' id='word_1_3' title='bbox 554 600 665 663; x_wconf 78' lang='lat' dir='ltr'>totiens</span> <span class='ocrx_word' id='word_1_4' title='bbox 681 608 812 682; x_wconf 85' lang='lat' dir='ltr'>possent</span> <span class='ocrx_word' id='word_1_5' title='bbox 831 600 1003 682; x_wconf 72' lang='lat' dir='ltr'>penetotim</span> <span class='ocrx_word' id='word_1_6' title='bbox 1025 601 1129 662; x_wconf 85' lang='lat' dir='ltr'>saecla</span> <span class='ocrx_word' id='word_1_7' title='bbox 1152 601 1274 685; x_wconf 80' lang='lat' dir='ltr'>referre</span> 
     </span>
     <span class='ocr_line' id='line_1_3' title="bbox 475 703 1261 786; baseline 0.003 -22"><span class='ocrx_word' id='word_1_8' title='bbox 475 712 621 766; x_wconf 76' lang='lat' dir='ltr'>recturam</span> <span class='ocrx_word' id='word_1_9' title='bbox 643 725 742 766; x_wconf 86' lang='lat' dir='ltr'>mores</span> <span class='ocrx_word' id='word_1_10' title='bbox 766 703 879 765; x_wconf 74' lang='lat' dir='ltr'>cretam</span> <span class='ocrx_word' id='word_1_11' title='bbox 900 710 1061 786; x_wconf 79' lang='lat' dir='ltr'>motasque</span> <span class='ocrx_word' id='word_1_12' title='bbox 1079 711 1261 784; x_wconf 82' lang='lat' dir='ltr'>parentam.</span> 
     </span>
    </p>

    <p class='ocr_par' dir='ltr' id='par_1_3' title="bbox 330 803 1472 1814">
     <span class='ocr_line' id='line_1_4' title="bbox 419 803 1471 890; baseline 0 -20"><span class='ocrx_word' id='word_1_13' title='bbox 419 803 523 882; x_wconf 78' lang='lat' dir='ltr'>Quam</span> <span class='ocrx_word' id='word_1_14' title='bbox 552 806 722 872; x_wconf 88' lang='lat' dir='ltr'>lectionem</span> <span class='ocrx_word' id='word_1_15' title='bbox 753 826 824 870; x_wconf 91' lang='lat' dir='ltr'>cum</span> <span class='ocrx_word' id='word_1_16' title='bbox 857 805 1084 871; x_wconf 87' lang='lat' dir='ltr'>Lachmannus</span> <span class='ocrx_word' id='word_1_17' title='bbox 1118 813 1151 870; x_wconf 89' lang='lat' dir='ltr'>ct</span> <span class='ocrx_word' id='word_1_18' title='bbox 1180 805 1377 890; x_wconf 88' lang='lat' dir='ltr'>Bemaysius</span> <span class='ocrx_word' id='word_1_19' title='bbox 1408 826 1471 871; x_wconf 92' lang='lat' dir='ltr'>non</span> 
     </span>
     <span class='ocr_line' id='line_1_5' title="bbox 331 909 1468 992; baseline 0 -21"><span class='ocrx_word' id='word_1_20' title='bbox 331 909 542 992; x_wconf 82' lang='lat' dir='ltr'>respuissent,</span> <span class='ocrx_word' id='word_1_21' title='bbox 568 909 731 974; x_wconf 86' lang='lat' dir='ltr'>Munroius</span> <span class='ocrx_word' id='word_1_22' title='bbox 757 917 928 991; x_wconf 90' lang='lat' dir='ltr'>utrumqne</span> <span class='ocrx_word' id='word_1_23' title='bbox 951 919 1083 992; x_wconf 76' lang='lat' dir='ltr'>possent</span> <span class='ocrx_word' id='word_1_24' title='bbox 1111 909 1246 973; x_wconf 88' lang='lat' dir='ltr'>mutavit</span> <span class='ocrx_word' id='word_1_25' title='bbox 1274 909 1309 973; x_wconf 92' lang='lat' dir='ltr'>in</span> <span class='ocrx_word' id='word_1_26' title='bbox 1332 910 1468 991; x_wconf 76' lang='lat' dir='ltr'>possint.</span> 
     </span>
     <span class='ocr_line' id='line_1_6' title="bbox 332 1003 1472 1096; baseline 0.002 -22"><span class='ocrx_word' id='word_1_27' title='bbox 332 1012 378 1075; x_wconf 83' lang='lat' dir='ltr'>Ac</span> <span class='ocrx_word' id='word_1_28' title='bbox 401 1003 480 1075; x_wconf 83' lang='lat' dir='ltr'>mihi</span> <span class='ocrx_word' id='word_1_29' title='bbox 500 1031 626 1094; x_wconf 88' lang='lat' dir='ltr'>quoque</span> <span class='ocrx_word' id='word_1_30' title='bbox 642 1019 821 1096; x_wconf 86' lang='lat' dir='ltr'>temporum</span> <span class='ocrx_word' id='word_1_31' title='bbox 837 1012 970 1077; x_wconf 87' lang='lat' dir='ltr'>mutatio</span> <span class='ocrx_word' id='word_1_32' title='bbox 984 1012 1018 1075; x_wconf 92' lang='lat' dir='ltr'>in</span> <span class='ocrx_word' id='word_1_33' title='bbox 1034 1011 1160 1077; x_wconf 89' lang='lat' dir='ltr'>duabus</span> <span class='ocrx_word' id='word_1_34' title='bbox 1175 1013 1354 1096; x_wconf 89' lang='lat' dir='ltr'>apodoseos</span> <span class='ocrx_word' id='word_1_35' title='bbox 1369 1013 1472 1096; x_wconf 89' lang='lat' dir='ltr'>parti-</span> 
     </span>
     <span class='ocr_line' id='line_1_7' title="bbox 332 1114 1471 1198; baseline 0 -20"><span class='ocrx_word' id='word_1_36' title='bbox 332 1116 392 1179; x_wconf 90' lang='lat' dir='ltr'>bus</span> <span class='ocrx_word' id='word_1_37' title='bbox 415 1115 607 1180; x_wconf 81' lang='lat' dir='ltr'>coordinatis</span> <span class='ocrx_word' id='word_1_38' title='bbox 630 1137 650 1178; x_wconf 92' lang='lat' dir='ltr'>a</span> <span class='ocrx_word' id='word_1_39' title='bbox 672 1116 882 1198; x_wconf 82' lang='lat' dir='ltr'>grammatica</span> <span class='ocrx_word' id='word_1_40' title='bbox 901 1115 1025 1180; x_wconf 91' lang='lat' dir='ltr'>ratione</span> <span class='ocrx_word' id='word_1_41' title='bbox 1041 1114 1212 1180; x_wconf 84' lang='lat' dir='ltr'>dissentire</span> <span class='ocrx_word' id='word_1_42' title='bbox 1228 1115 1366 1180; x_wconf 85' lang='lat' dir='ltr'>ridetur.</span> <span class='ocrx_word' id='word_1_43' title='bbox 1407 1114 1471 1180; x_wconf 84' lang='lat' dir='ltr'>Sed</span> 
     </span>
     <span class='ocr_line' id='line_1_8' title="bbox 330 1217 1466 1300; baseline 0 -20"><span class='ocrx_word' id='word_1_44' title='bbox 330 1237 369 1282; x_wconf 92' lang='lat' dir='ltr'>ne</span> <span class='ocrx_word' id='word_1_45' title='bbox 398 1217 432 1281; x_wconf 92' lang='lat' dir='ltr'>in</span> <span class='ocrx_word' id='word_1_46' title='bbox 460 1218 599 1282; x_wconf 80' lang='lat' dir='ltr'>Munroii</span> <span class='ocrx_word' id='word_1_47' title='bbox 627 1217 756 1300; x_wconf 89' lang='lat' dir='ltr'>quidem</span> <span class='ocrx_word' id='word_1_48' title='bbox 791 1217 966 1283; x_wconf 86' lang='lat' dir='ltr'>mutatione</span> <span class='ocrx_word' id='word_1_49' title='bbox 995 1217 1142 1300; x_wconf 87' lang='lat' dir='ltr'>quamvis</span> <span class='ocrx_word' id='word_1_50' title='bbox 1168 1217 1255 1282; x_wconf 86' lang='lat' dir='ltr'>facili</span> <span class='ocrx_word' id='word_1_51' title='bbox 1284 1217 1466 1298; x_wconf 89' lang='lat' dir='ltr'>acquiesco.</span> 
     </span>
     <span class='ocr_line' id='line_1_9' title="bbox 331 1320 1472 1404; baseline 0.001 -21"><span class='ocrx_word' id='word_1_52' title='bbox 331 1320 494 1384; x_wconf 81' lang='lat' dir='ltr'>Habemus</span> <span class='ocrx_word' id='word_1_53' title='bbox 522 1320 608 1386; x_wconf 92' lang='lat' dir='ltr'>enim</span> <span class='ocrx_word' id='word_1_54' title='bbox 635 1321 944 1404; x_wconf 84' lang='lat' dir='ltr'>argumentationem</span> <span class='ocrx_word' id='word_1_55' title='bbox 974 1320 1180 1398; x_wconf 82' lang='lat' dir='ltr'>indirectam,</span> <span class='ocrx_word' id='word_1_56' title='bbox 1211 1339 1294 1402; x_wconf 90' lang='lat' dir='ltr'>quae</span> <span class='ocrx_word' id='word_1_57' title='bbox 1322 1320 1387 1384; x_wconf 90' lang='lat' dir='ltr'>nisi</span> <span class='ocrx_word' id='word_1_58' title='bbox 1409 1320 1472 1384; x_wconf 92' lang='lat' dir='ltr'>im-</span> 
     </span>
     <span class='ocr_line' id='line_1_10' title="bbox 331 1422 1471 1508; baseline -0.002 -20"><span class='ocrx_word' id='word_1_59' title='bbox 331 1423 466 1505; x_wconf 80' lang='lat' dir='ltr'>perfecti</span> <span class='ocrx_word' id='word_1_60' title='bbox 503 1425 566 1497; x_wconf 76' lang='lat' dir='ltr'>trel</span> <span class='ocrx_word' id='word_1_61' title='bbox 599 1423 915 1508; x_wconf 83' lang='lat' dir='ltr'>plusquamperfecti)</span> <span class='ocrx_word' id='word_1_62' title='bbox 949 1423 1159 1488; x_wconf 85' lang='lat' dir='ltr'>coniunctiris</span> <span class='ocrx_word' id='word_1_63' title='bbox 1187 1443 1209 1487; x_wconf 92' lang='lat' dir='ltr'>a</span> <span class='ocrx_word' id='word_1_64' title='bbox 1237 1422 1385 1489; x_wconf 84' lang='lat' dir='ltr'>Lucretio</span> <span class='ocrx_word' id='word_1_65' title='bbox 1413 1443 1471 1487; x_wconf 82' lang='lat' dir='ltr'>ex-</span> 
     </span>
     <span class='ocr_line' id='line_1_11' title="bbox 332 1511 1470 1610; baseline 0.001 -21"><span class='ocrx_word' id='word_1_66' title='bbox 332 1545 447 1609; x_wconf 88' lang='lat' dir='ltr'>pressa</span> <span class='ocrx_word' id='word_1_67' title='bbox 475 1546 540 1590; x_wconf 94' lang='lat' dir='ltr'>non</span> <span class='ocrx_word' id='word_1_68' title='bbox 572 1534 632 1591; x_wconf 91' lang='lat' dir='ltr'>est.</span> <span class='ocrx_word' id='word_1_69' title='bbox 680 1525 773 1602; x_wconf 82' lang='lat' dir='ltr'>Quod</span> <span class='ocrx_word' id='word_1_70' title='bbox 802 1526 973 1609; x_wconf 87' lang='lat' dir='ltr'>intelleges</span> <span class='ocrx_word' id='word_1_71' title='bbox 984 1511 1003 1606; x_wconf 61' lang='lat'>,‘</span> <span class='ocrx_word' id='word_1_72' title='bbox 1025 1526 1053 1591; x_wconf 94' lang='lat' dir='ltr'>si</span> <span class='ocrx_word' id='word_1_73' title='bbox 1083 1545 1140 1591; x_wconf 90' lang='lat' dir='ltr'>eas</span> <span class='ocrx_word' id='word_1_74' title='bbox 1170 1526 1258 1610; x_wconf 89' lang='lat' dir='ltr'>apud</span> <span class='ocrx_word' id='word_1_75' title='bbox 1288 1526 1470 1590; x_wconf 89' lang='lat' dir='ltr'>Lucretium</span> 
     </span>
     <span class='ocr_line' id='line_1_12' title="bbox 332 1628 1470 1712; baseline 0 -20"><span class='ocrx_word' id='word_1_76' title='bbox 332 1629 567 1694; x_wconf 89' lang='lat' dir='ltr'>enuntiationes</span> <span class='ocrx_word' id='word_1_77' title='bbox 605 1629 843 1695; x_wconf 80' lang='lat' dir='ltr'>condicionales</span> <span class='ocrx_word' id='word_1_78' title='bbox 878 1629 1066 1710; x_wconf 76' lang='lat' dir='ltr'>contuleris,</span> <span class='ocrx_word' id='word_1_79' title='bbox 1099 1649 1181 1712; x_wconf 88' lang='lat' dir='ltr'>quae</span> <span class='ocrx_word' id='word_1_80' title='bbox 1211 1628 1342 1709; x_wconf 89' lang='lat' dir='ltr'>eadem,</span> <span class='ocrx_word' id='word_1_81' title='bbox 1374 1648 1470 1710; x_wconf 87' lang='lat' dir='ltr'>quam</span> 
     </span>
     <span class='ocr_line' id='line_1_13' title="bbox 331 1731 1127 1814; baseline 0.001 -20"><span class='ocrx_word' id='word_1_82' title='bbox 331 1731 496 1796; x_wconf 85' lang='lat' dir='ltr'>Munroius</span> <span class='ocrx_word' id='word_1_83' title='bbox 518 1731 571 1798; x_wconf 90' lang='lat' dir='ltr'>hic</span> <span class='ocrx_word' id='word_1_84' title='bbox 594 1733 717 1812; x_wconf 84' lang='lat' dir='ltr'>statuit,</span> <span class='ocrx_word' id='word_1_85' title='bbox 744 1732 847 1812; x_wconf 81' lang='lat' dir='ltr'>torma</span> <span class='ocrx_word' id='word_1_86' title='bbox 868 1733 1013 1814; x_wconf 79' lang='lat' dir='ltr'>insignes</span> <span class='ocrx_word' id='word_1_87' title='bbox 1036 1739 1127 1797; x_wconf 87' lang='lat' dir='ltr'>sunt:</span> 
     </span>
    </p>

    <p class='ocr_par' dir='ltr' id='par_1_4' title="bbox 330 1835 1471 2001">
     <span class='ocr_line' id='line_1_14' title="bbox 418 1835 1471 1920; baseline 0 -22"><span class='ocrx_word' id='word_1_88' title='bbox 418 1835 443 1913; x_wconf 94' lang='lat' dir='ltr'>I,</span> <span class='ocrx_word' id='word_1_89' title='bbox 470 1837 549 1899; x_wconf 82' lang='lat'>809:</span> <span class='ocrx_word' id='word_1_90' title='bbox 586 1836 650 1898; x_wconf 69' lang='lat' dir='ltr'>rodi</span> <span class='ocrx_word' id='word_1_91' title='bbox 678 1858 734 1898; x_wconf 86' lang='lat' dir='ltr'>nos</span> <span class='ocrx_word' id='word_1_92' title='bbox 761 1837 872 1899; x_wconf 77' lang='lat' dir='ltr'>cibam.</span> <span class='ocrx_word' id='word_1_93' title='bbox 894 1837 1054 1910; x_wconf 57' lang='lat' dir='ltr'>‚adiacet</span> <span class='ocrx_word' id='word_1_94' title='bbox 1089 1836 1155 1898; x_wconf 82' lang='lat' dir='ltr'>oo&#39;ta</span> <span class='ocrx_word' id='word_1_95' title='bbox 1181 1858 1302 1920; x_wconf 80' lang='lat' dir='ltr'>qnoque</span> <span class='ocrx_word' id='word_1_96' title='bbox 1330 1837 1471 1900; x_wconf 74' lang='lat' dir='ltr'>omnibns</span> 
     </span>
     <span class='ocr_line' id='line_1_15' title="bbox 330 1938 736 2001; baseline 0.005 -3"><span class='ocrx_word' id='word_1_97' title='bbox 330 1961 347 1998; x_wconf 89' lang='lat' dir='ltr'>e</span> <span class='ocrx_word' id='word_1_98' title='bbox 368 1938 496 2000; x_wconf 84' lang='lat' dir='ltr'>nerot&#39;s.</span> <span class='ocrx_word' id='word_1_99' title='bbox 519 1989 525 2000; x_wconf 95' lang='lat'>.</span> <span class='ocrx_word' id='word_1_100' title='bbox 545 1939 736 2001; x_wconf 72' lang='lat' dir='ltr'>exsolantur.</span> 
     </span>
    </p>

    <p class='ocr_par' dir='ltr' id='par_1_5' title="bbox 329 2036 1473 2435">
     <span class='ocr_line' id='line_1_16' title="bbox 418 2036 1472 2126; baseline 0.002 -24"><span class='ocrx_word' id='word_1_101' title='bbox 418 2040 481 2120; x_wconf 91' lang='lat' dir='ltr'>Ill,</span> <span class='ocrx_word' id='word_1_102' title='bbox 509 2036 591 2103; x_wconf 70' lang='lat'>847?</span> <span class='ocrx_word' id='word_1_103' title='bbox 619 2063 683 2118; x_wconf 88' lang='lat' dir='ltr'>nec,</span> <span class='ocrx_word' id='word_1_104' title='bbox 716 2041 745 2103; x_wconf 81' lang='lat' dir='ltr'>sr&#39;</span> <span class='ocrx_word' id='word_1_105' title='bbox 764 2042 926 2104; x_wconf 78' lang='lat' dir='ltr'>materiem</span> <span class='ocrx_word' id='word_1_106' title='bbox 947 2051 1087 2105; x_wconf 88' lang='lat' dir='ltr'>nostram</span> <span class='ocrx_word' id='word_1_107' title='bbox 1110 2041 1272 2126; x_wconf 76' lang='lat' dir='ltr'>eoliepert&#39;t</span> <span class='ocrx_word' id='word_1_108' title='bbox 1292 2051 1380 2105; x_wconf 88' lang='lat' dir='ltr'>aetas</span> <span class='ocrx_word' id='word_1_109' title='bbox 1396 2050 1472 2123; x_wconf 84' lang='lat' dir='ltr'>post</span> 
     </span>
     <span class='ocr_line' id='line_1_17' title="bbox 331 2143 1471 2228; baseline 0.004 -24"><span class='ocrx_word' id='word_1_110' title='bbox 331 2143 448 2205; x_wconf 76' lang='lat' dir='ltr'>obitum</span> <span class='ocrx_word' id='word_1_111' title='bbox 477 2165 661 2226; x_wconf 75' lang='lat' dir='ltr'>rursumque</span> <span class='ocrx_word' id='word_1_112' title='bbox 690 2145 846 2227; x_wconf 75' lang='lat' dir='ltr'>redoperit</span> <span class='ocrx_word' id='word_1_113' title='bbox 874 2153 909 2208; x_wconf 84' lang='lat' dir='ltr'>at</span> <span class='ocrx_word' id='word_1_114' title='bbox 937 2145 999 2208; x_wconf 77' lang='lat' dir='ltr'>sito</span> <span class='ocrx_word' id='word_1_115' title='bbox 1027 2167 1109 2207; x_wconf 78' lang='lat' dir='ltr'>torono</span> <span class='ocrx_word' id='word_1_116' title='bbox 1138 2154 1202 2220; x_wconf 89' lang='lat' dir='ltr'>est,</span> <span class='ocrx_word' id='word_1_117' title='bbox 1235 2153 1328 2228; x_wconf 86' lang='lat' dir='ltr'>atque</span> <span class='ocrx_word' id='word_1_118' title='bbox 1356 2145 1471 2208; x_wconf 82' lang='lat' dir='ltr'>iterum</span> 
     </span>
     <span class='ocr_line' id='line_1_18' title="bbox 330 2245 1473 2332; baseline 0.003 -26"><span class='ocrx_word' id='word_1_119' title='bbox 330 2245 418 2308; x_wconf 79' lang='lat' dir='ltr'>nobis</span> <span class='ocrx_word' id='word_1_120' title='bbox 430 2245 562 2330; x_wconf 75' lang='lat' dir='ltr'>fuerim</span> <span class='ocrx_word' id='word_1_121' title='bbox 584 2248 661 2310; x_wconf 84' lang='lat' dir='ltr'>data</span> <span class='ocrx_word' id='word_1_122' title='bbox 683 2248 801 2311; x_wconf 78' lang='lat' dir='ltr'>lumina</span> <span class='ocrx_word' id='word_1_123' title='bbox 818 2247 910 2327; x_wconf 78' lang='lat' dir='ltr'>citae,</span> <span class='ocrx_word' id='word_1_124' title='bbox 930 2248 1092 2330; x_wconf 81' lang='lat' dir='ltr'>pertineat</span> <span class='ocrx_word' id='word_1_125' title='bbox 1114 2249 1279 2332; x_wconf 82' lang='lat' dir='ltr'>quo&#39;cqnam</span> <span class='ocrx_word' id='word_1_126' title='bbox 1303 2257 1406 2312; x_wconf 89' lang='lat' dir='ltr'>tomen</span> <span class='ocrx_word' id='word_1_127' title='bbox 1429 2249 1473 2310; x_wconf 82' lang='lat' dir='ltr'>ud</span> 
     </span>
     <span class='ocr_line' id='line_1_19' title="bbox 329 2349 737 2435; baseline 0.007 -27"><span class='ocrx_word' id='word_1_128' title='bbox 329 2370 386 2411; x_wconf 87' lang='lat' dir='ltr'>nos</span> <span class='ocrx_word' id='word_1_129' title='bbox 407 2349 443 2411; x_wconf 80' lang='lat' dir='ltr'>id</span> <span class='ocrx_word' id='word_1_130' title='bbox 463 2371 582 2434; x_wconf 78' lang='lat' dir='ltr'>qnoque</span> <span class='ocrx_word' id='word_1_131' title='bbox 595 2351 737 2435; x_wconf 85' lang='lat' dir='ltr'>facturn.</span> 
     </span>
    </p>

    <p class='ocr_par' dir='ltr' id='par_1_6' title="bbox 330 2452 1470 2640">
     <span class='ocr_line' id='line_1_20' title="bbox 416 2452 1470 2538; baseline 0 -23"><span class='ocrx_word' id='word_1_132' title='bbox 416 2452 477 2528; x_wconf 91' lang='grc' dir='ltr'><strong>ΙΙΙ,</strong></span> <span class='ocrx_word' id='word_1_133' title='bbox 495 2455 572 2516; x_wconf 82' lang='lat'>902:</span> <span class='ocrx_word' id='word_1_134' title='bbox 599 2455 683 2537; x_wconf 80' lang='lat' dir='ltr'>qaod</span> <span class='ocrx_word' id='word_1_135' title='bbox 703 2456 777 2517; x_wconf 83' lang='lat' dir='ltr'>bena</span> <span class='ocrx_word' id='word_1_136' title='bbox 792 2454 823 2516; x_wconf 80' lang='lat' dir='ltr'>si</span> <span class='ocrx_word' id='word_1_137' title='bbox 843 2454 977 2530; x_wconf 78' lang='lat' dir='ltr'>uideant,</span> <span class='ocrx_word' id='word_1_138' title='bbox 996 2491 1039 2501; x_wconf 92' lang='lat'>-</span> <span class='ocrx_word' id='word_1_139' title='bbox 1054 2454 1229 2517; x_wconf 77' lang='lat' dir='ltr'>dessolnant</span> <span class='ocrx_word' id='word_1_140' title='bbox 1245 2454 1345 2518; x_wconf 78' lang='lat' dir='ltr'>anirno&#39;</span> <span class='ocrx_word' id='word_1_141' title='bbox 1357 2477 1470 2538; x_wconf 72' lang='lat' dir='ltr'>mayoc</span> 
     </span>
     <span class='ocr_line' id='line_1_21' title="bbox 330 2578 512 2640; baseline 0.005 -23"><span class='ocrx_word' id='word_1_142' title='bbox 330 2579 362 2618; x_wconf 87' lang='lat' dir='ltr'>se</span> <span class='ocrx_word' id='word_1_143' title='bbox 385 2578 512 2640; x_wconf 76' lang='lat' dir='ltr'>anpare.</span> 
     </span>
    </p>

    <p class='ocr_par' dir='ltr' id='par_1_7' title="bbox 331 2659 1470 2844">
     <span class='ocr_line' id='line_1_22' title="bbox 419 2659 1470 2744; baseline 0.001 -22"><span class='ocrx_word' id='word_1_144' title='bbox 419 2659 477 2738; x_wconf 92' lang='lat' dir='ltr'>III,</span> <span class='ocrx_word' id='word_1_145' title='bbox 504 2662 583 2724; x_wconf 81' lang='lat'>955:</span> <span class='ocrx_word' id='word_1_146' title='bbox 610 2660 661 2722; x_wconf 81' lang='lat' dir='ltr'>tto</span> <span class='ocrx_word' id='word_1_147' title='bbox 684 2660 713 2722; x_wconf 86' lang='lat' dir='ltr'>st&#39;</span> <span class='ocrx_word' id='word_1_148' title='bbox 734 2669 885 2744; x_wconf 80' lang='lat' dir='ltr'>queratur·</span> <span class='ocrx_word' id='word_1_149' title='bbox 899 2699 942 2706; x_wconf 98' lang='lat'><strong>—</strong></span> <span class='ocrx_word' id='word_1_150' title='bbox 957 2685 1017 2724; x_wconf 91' lang='lat' dir='ltr'>non</span> <span class='ocrx_word' id='word_1_151' title='bbox 1040 2661 1150 2724; x_wconf 67' lang='lat' dir='ltr'>manto</span> <span class='ocrx_word' id='word_1_152' title='bbox 1167 2660 1315 2724; x_wconf 76' lang='lat' dir='ltr'>inclamet</span> <span class='ocrx_word' id='word_1_153' title='bbox 1334 2662 1390 2742; x_wconf 86' lang='lat' dir='ltr'>(sc.</span> <span class='ocrx_word' id='word_1_154' title='bbox 1410 2680 1470 2723; x_wconf 86' lang='lat' dir='ltr'>na-</span> 
     </span>
     <span class='ocr_line' id='line_1_23' title="bbox 331 2762 442 2844; baseline -0.009 -20"><span class='ocrx_word' id='word_1_155' title='bbox 331 2762 442 2844; x_wconf 76' lang='lat' dir='ltr'>turaJ?</span> 
     </span>
    </p>

    <p class='ocr_par' dir='ltr' id='par_1_8' title="bbox 291 2863 1471 3052">
     <span class='ocr_line' id='line_1_24' title="bbox 416 2863 1471 2948; baseline 0.001 -22"><span class='ocrx_word' id='word_1_156' title='bbox 416 2863 499 2928; x_wconf 82' lang='lat' dir='ltr'>Ibid.</span> <span class='ocrx_word' id='word_1_157' title='bbox 529 2867 628 2926; x_wconf 84' lang='lat'>1071:</span> <span class='ocrx_word' id='word_1_158' title='bbox 654 2885 746 2946; x_wconf 78' lang='lat' dir='ltr'>qnam</span> <span class='ocrx_word' id='word_1_159' title='bbox 775 2867 829 2947; x_wconf 85' lang='lat' dir='ltr'>(sc.</span> <span class='ocrx_word' id='word_1_160' title='bbox 848 2865 948 2930; x_wconf 88' lang='lat' dir='ltr'>morbi</span> <span class='ocrx_word' id='word_1_161' title='bbox 963 2868 1106 2948; x_wconf 85' lang='lat' dir='ltr'>causam)</span> <span class='ocrx_word' id='word_1_162' title='bbox 1135 2866 1208 2928; x_wconf 85' lang='lat' dir='ltr'>bene</span> <span class='ocrx_word' id='word_1_163' title='bbox 1230 2865 1389 2941; x_wconf 72' lang='lat' dir='ltr'>nivalensi,</span> <span class='ocrx_word' id='word_1_164' title='bbox 1408 2865 1471 2928; x_wconf 73' lang='lat' dir='ltr'>iam</span> 
     </span>
     <span class='ocr_line' id='line_1_25' title="bbox 291 2966 1148 3052; baseline 0.002 -24"><span class='ocrx_word' id='word_1_165' title='bbox 291 2983 293 2987; x_wconf 87' lang='grc'><em>·</em></span> <span class='ocrx_word' id='word_1_166' title='bbox 331 2966 461 3050; x_wconf 76' lang='lat' dir='ltr'>quisque</span> <span class='ocrx_word' id='word_1_167' title='bbox 484 2975 631 3030; x_wconf 81' lang='lat' dir='ltr'>naturam</span> <span class='ocrx_word' id='word_1_168' title='bbox 648 2967 788 3052; x_wconf 77' lang='lat' dir='ltr'>primam</span> <span class='ocrx_word' id='word_1_169' title='bbox 810 2969 934 3032; x_wconf 81' lang='lat' dir='ltr'>studeat</span> <span class='ocrx_word' id='word_1_170' title='bbox 955 2990 1148 3052; x_wconf 77' lang='lat' dir='ltr'>capnoscere.</span> 
     </span>
    </p>

    <p class='ocr_par' dir='ltr' id='par_1_9' title="bbox 330 3068 1470 3235">
     <span class='ocr_line' id='line_1_26' title="bbox 417 3068 1470 3155; baseline 0.001 -24"><span class='ocrx_word' id='word_1_171' title='bbox 417 3068 473 3144; x_wconf 90' lang='lat' dir='ltr'>lV,</span> <span class='ocrx_word' id='word_1_172' title='bbox 499 3072 578 3132; x_wconf 86' lang='lat'>507:</span> <span class='ocrx_word' id='word_1_173' title='bbox 613 3069 677 3132; x_wconf 81' lang='lat' dir='ltr'>oc-&#39;ta</span> <span class='ocrx_word' id='word_1_174' title='bbox 705 3092 824 3153; x_wconf 80' lang='lat' dir='ltr'>qnoque</span> <span class='ocrx_word' id='word_1_175' title='bbox 846 3070 916 3152; x_wconf 73' lang='lat' dir='ltr'>apsa</span> <span class='ocrx_word' id='word_1_176' title='bbox 938 3070 1082 3133; x_wconf 78' lang='lat' dir='ltr'>corocidat</span> <span class='ocrx_word' id='word_1_177' title='bbox 1103 3070 1276 3152; x_wconf 69' lang='lat' dir='ltr'>externplo,</span> <span class='ocrx_word' id='word_1_178' title='bbox 1308 3070 1470 3155; x_wconf 35' lang='lat' dir='ltr'>nisi-crc-</span> 
     </span>
     <span class='ocr_line' id='line_1_27' title="bbox 330 3171 690 3235; baseline 0.008 -3"><span class='ocrx_word' id='word_1_179' title='bbox 330 3173 404 3234; x_wconf 87' lang='lat' dir='ltr'>a&#39;ere</span> <span class='ocrx_word' id='word_1_180' title='bbox 426 3171 566 3235; x_wconf 78' lang='lat' dir='ltr'>sensibus</span> <span class='ocrx_word' id='word_1_181' title='bbox 591 3172 690 3235; x_wconf 79' lang='lat' dir='ltr'>ansis.</span> 
     </span>
    </p>

    <p class='ocr_par' dir='ltr' id='par_1_10' title="bbox 329 3273 1470 3440">
     <span class='ocr_line' id='line_1_28' title="bbox 417 3273 1470 3358; baseline 0 -22"><span class='ocrx_word' id='word_1_182' title='bbox 417 3273 497 3338; x_wconf 85' lang='lat' dir='ltr'>lbid.</span> <span class='ocrx_word' id='word_1_183' title='bbox 525 3276 605 3337; x_wconf 85' lang='lat'>811:</span> <span class='ocrx_word' id='word_1_184' title='bbox 631 3274 664 3336; x_wconf 84' lang='lat' dir='ltr'>r&#39;n</span> <span class='ocrx_word' id='word_1_185' title='bbox 686 3275 779 3337; x_wconf 74' lang='lat' dir='ltr'>rebus</span> <span class='ocrx_word' id='word_1_186' title='bbox 803 3296 923 3358; x_wconf 85' lang='lat' dir='ltr'>qaoque</span> <span class='ocrx_word' id='word_1_187' title='bbox 938 3274 1058 3357; x_wconf 80' lang='lat' dir='ltr'>apertis</span> <span class='ocrx_word' id='word_1_188' title='bbox 1079 3296 1204 3337; x_wconf 86' lang='lat' dir='ltr'>noscere</span> <span class='ocrx_word' id='word_1_189' title='bbox 1220 3273 1338 3357; x_wconf 77' lang='lat' dir='ltr'>possis,</span> <span class='ocrx_word' id='word_1_190' title='bbox 1362 3274 1392 3337; x_wconf 84' lang='lat' dir='ltr'>st&#39;</span> <span class='ocrx_word' id='word_1_191' title='bbox 1408 3297 1470 3336; x_wconf 90' lang='lat' dir='ltr'>non</span> 
     </span>
     <span class='ocr_line' id='line_1_29' title="bbox 329 3377 645 3440; baseline 0 -2"><span class='ocrx_word' id='word_1_192' title='bbox 329 3378 475 3440; x_wconf 77' lang='lat' dir='ltr'>advertas</span> <span class='ocrx_word' id='word_1_193' title='bbox 497 3377 645 3440; x_wconf 77' lang='lat' dir='ltr'>animum.</span> 
     </span>
    </p>

    <p class='ocr_par' dir='ltr' id='par_1_11' title="bbox 331 3479 1470 3668">
     <span class='ocr_line' id='line_1_30' title="bbox 415 3479 1470 3566; baseline 0.001 -24"><span class='ocrx_word' id='word_1_194' title='bbox 415 3479 498 3543; x_wconf 90' lang='lat' dir='ltr'>Ibid.</span> <span class='ocrx_word' id='word_1_195' title='bbox 534 3482 633 3542; x_wconf 71' lang='lat'>1149:</span> <span class='ocrx_word' id='word_1_196' title='bbox 671 3489 702 3542; x_wconf 90' lang='lat' dir='ltr'>et</span> <span class='ocrx_word' id='word_1_197' title='bbox 724 3488 829 3543; x_wconf 88' lang='lat' dir='ltr'>tamen</span> <span class='ocrx_word' id='word_1_198' title='bbox 851 3480 1021 3563; x_wconf 76' lang='lat' dir='ltr'>implicitus</span> <span class='ocrx_word' id='word_1_199' title='bbox 1051 3502 1171 3564; x_wconf 84' lang='lat' dir='ltr'>quoqne</span> <span class='ocrx_word' id='word_1_200' title='bbox 1197 3481 1300 3562; x_wconf 80' lang='lat' dir='ltr'>possis</span> <span class='ocrx_word' id='word_1_201' title='bbox 1330 3481 1470 3566; x_wconf 67' lang='lat' dir='ltr'>efftmere</span> 
     </span>
     <span class='ocr_line' id='line_1_31' title="bbox 331 3582 1010 3668; baseline 0.001 -25"><span class='ocrx_word' id='word_1_202' title='bbox 331 3583 491 3668; x_wconf 74' lang='lat' dir='ltr'>confestam,</span> <span class='ocrx_word' id='word_1_203' title='bbox 518 3582 582 3644; x_wconf 81' lang='lat' dir='ltr'>nt&#39;sc&#39;</span> <span class='ocrx_word' id='word_1_204' title='bbox 604 3590 667 3645; x_wconf 83' lang='lat' dir='ltr'>tute</span> <span class='ocrx_word' id='word_1_205' title='bbox 692 3583 750 3646; x_wconf 78' lang='lat' dir='ltr'>tibi</span> <span class='ocrx_word' id='word_1_206' title='bbox 771 3582 878 3646; x_wconf 84' lang='lat' dir='ltr'>obor&#39;ns</span> <span class='ocrx_word' id='word_1_207' title='bbox 900 3584 1010 3645; x_wconf 85' lang='lat' dir='ltr'>obstes.</span> 
     </span>
    </p>

    <p class='ocr_par' dir='ltr' id='par_1_12' title="bbox 331 3685 1465 3872">
     <span class='ocr_line' id='line_1_32' title="bbox 415 3685 1465 3772; baseline -0.002 -22"><span class='ocrx_word' id='word_1_208' title='bbox 415 3685 498 3750; x_wconf 87' lang='lat' dir='ltr'>Ibid.</span> <span class='ocrx_word' id='word_1_209' title='bbox 529 3687 627 3750; x_wconf 79' lang='lat'>1180:</span> <span class='ocrx_word' id='word_1_210' title='bbox 660 3709 750 3771; x_wconf 78' lang='lat' dir='ltr'>quem</span> <span class='ocrx_word' id='word_1_211' title='bbox 773 3687 803 3748; x_wconf 83' lang='lat' dir='ltr'>sr&#39;</span> <span class='ocrx_word' id='word_1_212' title='bbox 816 3687 886 3750; x_wconf 32' lang='lat' dir='ltr'>viam</span> <span class='ocrx_word' id='word_1_213' title='bbox 910 3735 916 3748; x_wconf 89' lang='lat'>.</span> <span class='ocrx_word' id='word_1_214' title='bbox 944 3735 951 3748; x_wconf 88' lang='lat'><strong>.</strong></span> <span class='ocrx_word' id='word_1_215' title='bbox 975 3686 1145 3772; x_wconf 77' lang='lat' dir='ltr'>offenderit</span> <span class='ocrx_word' id='word_1_216' title='bbox 1173 3707 1253 3748; x_wconf 81' lang='lat' dir='ltr'>aura</span> <span class='ocrx_word' id='word_1_217' title='bbox 1279 3708 1343 3748; x_wconf 86' lang='lat' dir='ltr'>ana</span> <span class='ocrx_word' id='word_1_218' title='bbox 1365 3687 1465 3762; x_wconf 86' lang='lat' dir='ltr'>modo,</span> 
     </span>
     <span class='ocr_line' id='line_1_33' title="bbox 331 3789 763 3872; baseline 0.007 -22"><span class='ocrx_word' id='word_1_219' title='bbox 331 3810 442 3851; x_wconf 74' lang='lat' dir='ltr'>annosas</span> <span class='ocrx_word' id='word_1_220' title='bbox 465 3789 601 3852; x_wconf 78' lang='lat' dir='ltr'>abeundi</span> <span class='ocrx_word' id='word_1_221' title='bbox 620 3798 763 3872; x_wconf 81' lang='lat' dir='ltr'>quaerat.</span> 
     </span>
    </p>

    <p class='ocr_par' dir='ltr' id='par_1_13' title="bbox 300 3892 1465 4077">
     <span class='ocr_line' id='line_1_34' title="bbox 300 3892 1465 3976; baseline -0.003 -20"><span class='ocrx_word' id='word_1_222' title='bbox 300 3913 302 3918; x_wconf 86' lang='lat'>·</span> <span class='ocrx_word' id='word_1_223' title='bbox 416 3892 454 3972; x_wconf 91' lang='lat' dir='ltr'>V,</span> <span class='ocrx_word' id='word_1_224' title='bbox 485 3894 560 3954; x_wconf 83' lang='lat'>195:</span> <span class='ocrx_word' id='word_1_225' title='bbox 581 3893 672 3975; x_wconf 80' lang='lat' dir='ltr'>-qnod</span> <span class='ocrx_word' id='word_1_226' title='bbox 692 3893 722 3954; x_wconf 83' lang='lat' dir='ltr'>so&#39;</span> <span class='ocrx_word' id='word_1_227' title='bbox 741 3893 804 3955; x_wconf 73' lang='lat' dir='ltr'>tam</span> <span class='ocrx_word' id='word_1_228' title='bbox 826 3914 932 3955; x_wconf 86' lang='lat' dir='ltr'>rernm</span> <span class='ocrx_word' id='word_1_229' title='bbox 951 3892 1091 3976; x_wconf 77' lang='lat' dir='ltr'>iptooram</span> <span class='ocrx_word' id='word_1_230' title='bbox 1103 3892 1281 3974; x_wconf 81' lang='lat' dir='ltr'>pm&#39;mordr&#39;a</span> <span class='ocrx_word' id='word_1_231' title='bbox 1297 3915 1377 3976; x_wconf 83' lang='lat' dir='ltr'>qnae</span> <span class='ocrx_word' id='word_1_232' title='bbox 1392 3893 1465 3971; x_wconf 73' lang='lat' dir='ltr'>sint,</span> 
     </span>
     <span class='ocr_line' id='line_1_35' title="bbox 330 3993 1310 4077; baseline 0.001 -21"><span class='ocrx_word' id='word_1_233' title='bbox 330 3993 388 4057; x_wconf 83' lang='lat' dir='ltr'>looc</span> <span class='ocrx_word' id='word_1_234' title='bbox 410 4003 513 4057; x_wconf 82' lang='lat' dir='ltr'>tamen</span> <span class='ocrx_word' id='word_1_235' title='bbox 536 4017 574 4056; x_wconf 81' lang='lat' dir='ltr'>eoo</span> <span class='ocrx_word' id='word_1_236' title='bbox 596 3994 672 4077; x_wconf 83' lang='lat' dir='ltr'>r&#39;pso&#39;s</span> <span class='ocrx_word' id='word_1_237' title='bbox 695 3996 777 4058; x_wconf 82' lang='lat' dir='ltr'>coeli</span> <span class='ocrx_word' id='word_1_238' title='bbox 796 3995 970 4058; x_wconf 76' lang='lat' dir='ltr'>rationibus</span> <span class='ocrx_word' id='word_1_239' title='bbox 992 3996 1094 4058; x_wconf 77' lang='lat' dir='ltr'>oasim</span> <span class='ocrx_word' id='word_1_240' title='bbox 1117 4017 1310 4059; x_wconf 75' lang='lat' dir='ltr'>ceetomone.</span> 
     </span>
    </p>

    <p class='ocr_par' dir='ltr' id='par_1_14' title="bbox 328 4096 1469 4264">
     <span class='ocr_line' id='line_1_36' title="bbox 416 4096 1469 4177; baseline -0.001 -17"><span class='ocrx_word' id='word_1_241' title='bbox 416 4097 497 4162; x_wconf 89' lang='lat' dir='ltr'>Ibid.</span> <span class='ocrx_word' id='word_1_242' title='bbox 525 4101 603 4160; x_wconf 72' lang='lat'><strong>206:</strong></span> <span class='ocrx_word' id='word_1_243' title='bbox 631 4098 666 4159; x_wconf 82' lang='lat' dir='ltr'>td</span> <span class='ocrx_word' id='word_1_244' title='bbox 685 4106 801 4160; x_wconf 80' lang='lat' dir='ltr'>natorro</span> <span class='ocrx_word' id='word_1_245' title='bbox 824 4120 882 4160; x_wconf 86' lang='lat' dir='ltr'>suo</span> <span class='ocrx_word' id='word_1_246' title='bbox 905 4098 938 4162; x_wconf 82' lang='lat' dir='ltr'>ot&#39;</span> <span class='ocrx_word' id='word_1_247' title='bbox 953 4097 1091 4160; x_wconf 76' lang='lat' dir='ltr'>sentibus</span> <span class='ocrx_word' id='word_1_248' title='bbox 1114 4099 1256 4177; x_wconf 82' lang='lat' dir='ltr'>obducat,</span> <span class='ocrx_word' id='word_1_249' title='bbox 1284 4096 1320 4160; x_wconf 85' lang='lat' dir='ltr'>ni</span> <span class='ocrx_word' id='word_1_250' title='bbox 1341 4097 1387 4160; x_wconf 75' lang='lat' dir='ltr'>ors</span> <span class='ocrx_word' id='word_1_251' title='bbox 1410 4097 1469 4159; x_wconf 82' lang='lat' dir='ltr'>loa-</span> 
     </span>
     <span class='ocr_line' id='line_1_37' title="bbox 328 4199 583 4264; baseline 0 -2"><span class='ocrx_word' id='word_1_252' title='bbox 328 4222 424 4264; x_wconf 80' lang='lat' dir='ltr'>noana</span> <span class='ocrx_word' id='word_1_253' title='bbox 446 4199 583 4262; x_wconf 73' lang='lat' dir='ltr'>reststat.</span> 
     </span>
    </p>

    <p class='ocr_par' dir='ltr' id='par_1_15' title="bbox 417 4302 1465 4387">
     <span class='ocr_line' id='line_1_38' title="bbox 417 4302 1465 4387; baseline -0.004 -21"><span class='ocrx_word' id='word_1_254' title='bbox 417 4302 471 4382; x_wconf 95' lang='lat' dir='ltr'>VI,</span> <span class='ocrx_word' id='word_1_255' title='bbox 499 4303 579 4366; x_wconf 72' lang='lat'><strong>568:</strong></span> <span class='ocrx_word' id='word_1_256' title='bbox 613 4303 698 4385; x_wconf 82' lang='lat' dir='ltr'>qnod</span> <span class='ocrx_word' id='word_1_257' title='bbox 717 4302 781 4364; x_wconf 73' lang='lat' dir='ltr'>niso&#39;</span> <span class='ocrx_word' id='word_1_258' title='bbox 793 4303 949 4384; x_wconf 72' lang='lat' dir='ltr'>respirent</span> <span class='ocrx_word' id='word_1_259' title='bbox 965 4302 1059 4379; x_wconf 75' lang='lat' dir='ltr'>nenti,</span> <span class='ocrx_word' id='word_1_260' title='bbox 1085 4303 1131 4365; x_wconf 82' lang='lat' dir='ltr'>oc&#39;s</span> <span class='ocrx_word' id='word_1_261' title='bbox 1146 4302 1235 4366; x_wconf 81' lang='lat' dir='ltr'>nulla</span> <span class='ocrx_word' id='word_1_262' title='bbox 1250 4303 1390 4387; x_wconf 63' lang='lat' dir='ltr'>rffremt</span> <span class='ocrx_word' id='word_1_263' title='bbox 1405 4323 1465 4364; x_wconf 87' lang='lat' dir='ltr'>res.</span> 
     </span>
    </p>
   </div>
   <div class='ocr_carea' id='block_1_3' title="bbox 0 0 1660 5280">
    <p class='ocr_par' dir='ltr' id='par_1_16' title="bbox 0 0 1660 5280">
     <span class='ocr_line' id='line_1_39' title="bbox 0 0 1660 5280; baseline 0 0"><span class='ocrx_word' id='word_1_264' title='bbox 0 0 1660 5280; x_wconf 95' lang='lat' dir='ltr'> </span> 
     </span>
    </p>
   </div>
  </div>
 </body>
</html>
