3312 5280
671 422 886 480 ..55-

213 611 346 692 canalis,
372 611 460 676 velut
479 610 513 674 in
528 628 565 674 eo
580 609 660 691 loco,
687 608 773 674 unde
793 606 846 672 hic
869 607 1079 690 conscriptus
1101 614 1166 674 est:
1193 609 1247 685 IV,
1267 613 1344 685 6503

211 713 328 780 deinde
345 712 413 776 cicc
429 713 606 776 oculorum:
629 712 685 794 IV,
705 713 779 774 344.
799 713 875 783 351;
892 709 987 795 ferri
1000 710 1085 774 oros:
1102 711 1157 792 VI,
1178 714 1250 777 983.
1271 717 1345 779 996,

215 820 307 898 1050,
334 823 390 881 aut
412 814 573 898 significat
594 813 629 878 id
652 813 806 898 spatium,
840 832 901 895 quo
930 811 1005 894 quid
1029 811 1158 894 feratur,
1189 815 1348 881 interdum

213 920 309 984 etiam
337 917 568 984 confectionem
598 916 683 982 eius:
719 915 794 980 colis
823 916 976 1000 lucaeque
1006 915 1146 994 vrorum,
1183 918 1222 998 V,
1251 922 1345 1002 1206.

212 1022 354 1088 Priorem
375 1021 464 1086 illam
487 1019 753 1103 significationem
775 1018 810 1082 in
831 1017 972 1084 Lucretii
1002 1017 1176 1102 primordia
1205 1041 1269 1086 non
1291 1043 1349 1088 ca·

213 1125 289 1190 dere
310 1143 403 1190 nemo
430 1123 549 1204 nescit,
583 1122 733 1206 quoniam
764 1120 804 1187 dc
833 1120 995 1186 soliditate
1024 1141 1132 1186 eorum
1163 1125 1265 1190 multa
1292 1146 1350 1192 ex-

213 1227 321 1311 posuit
342 1232 447 1311 poeta.
491 1227 604 1308 Neque
627 1225 729 1290 altera
751 1223 983 1307 significatione
1006 1243 1117 1290 vocem
1140 1225 1191 1290 oio
1211 1227 1349 1310 positam

214 1349 285 1396 esse
300 1329 328 1394 si
344 1346 519 1404 sumamus,
541 1327 710 1410 quicquam
732 1326 926 1411 proficiatur.
966 1327 1051 1392 Nam
1070 1347 1141 1392 cum
1159 1329 1266 1395 omnia
1281 1331 1350 1415 pri-

215 1433 337 1498 mordia
358 1433 392 1496 in
415 1431 527 1498 eodem
550 1431 641 1522 inani
661 1435 859 1509 moveantur,
887 1429 914 1494 si
937 1427 1136 1495 differentiae
1150 1431 1349 1516 singulorum

215 1541 450 1614 enumerantur,
476 1534 510 1600 id
532 1539 656 1599 tantum
679 1533 794 1616 agitur,
828 1551 994 1614 quousque
1023 1538 1055 1597 et
1077 1533 1185 1617 qualia
1207 1541 1348 1602 motuum

215 1657 334 1720 genera
355 1643 551 1703 moveantur.
599 1634 637 1700 ld
659 1642 766 1701 autem
789 1635 885 1700 verbo
908 1633 1010 1708 motus
1031 1634 1065 1698 in
1088 1641 1234 1717 sequenti
1255 1658 1351 1704 versu

216 1741 294 1806 satis
318 1759 505 1825 expressum
528 1745 588 1804 est.
637 1740 808 1804 Praeterea
830 1737 871 1802 dc
894 1736 1031 1802 motibus
1053 1737 1295 1821 primordiorum
1318 1743 1351 1807 in

216 1850 280 1908 toto
302 1843 363 1908 hoc
383 1842 465 1907 libro
491 1861 649 1924 nusquam
672 1840 862 1906 vocabulum
881 1839 933 1902 oto
954 1845 1142 1923 usurpatum
1164 1847 1224 1906 est.
1265 1842 1352 1910 Satis

216 1947 334 2011 multae
341 1945 439 2028 igitur
447 1951 521 2012 sunt
529 1964 655 2026 causac,
668 1964 725 2010 cur
732 1942 775 2008 ad
782 1941 979 2007 enuntiatum
987 1941 1120 2028 differre
1127 1954 1282 2010 necessust
1290 1956 1347 2011 etc.

216 2067 279 2113 non
293 2047 477 2131 genetivum
486 2045 736 2130 primordiorum
751 2045 969 2130 suppleamus.
1005 2048 1126 2110 lteram
1140 2053 1246 2113 autem
1262 2049 1352 2133 cogi-

216 2150 313 2216 tando
335 2149 454 2215 addere
477 2148 608 2216 difficile
632 2156 691 2231 cst,
718 2147 793 2231 quia
811 2146 1003 2231 significatio
1025 2170 1076 2212 res
1098 2149 1176 2215 satis
1199 2151 1295 2234 longe
1311 2153 1352 2218 ab

216 2253 277 2318 hoc
300 2272 395 2318 versu
418 2253 520 2318 abest.
569 2251 694 2317 Deinde
718 2251 746 2316 si
768 2273 873 2314 reram
895 2249 1053 2333 addimus,
1081 2251 1149 2316 viae
1165 2251 1251 2318 idem
1266 2255 1352 2320 ualet

218 2363 313 2437 atquc
334 2355 505 2420 intervalla
526 2391 569 2402 -
591 2374 666 2418 nam
688 2352 729 2418 de
752 2353 890 2418 motibus
913 2372 1017 2418 rerum
1039 2354 1128 2418 nullo
1150 2355 1244 2422 modo
1263 2357 1353 2442 cogi-

217 2457 277 2522 tari
300 2463 406 2541 potest
423 2480 479 2536 -;
507 2455 640 2521 offendit
661 2462 786 2536 autem,
813 2453 915 2536 quod,
942 2474 1013 2520 eum
1036 2455 1129 2538 plura
1151 2458 1250 2522 verba
1272 2479 1352 2524 enu-

217 2567 388 2635 merentur,
413 2559 528 2642 quibus
551 2558 687 2641 singulis
711 2557 858 2641 singulae
880 2556 1025 2623 notiones
1045 2557 1247 2641 significatae
1263 2570 1349 2640 sunt,

217 2662 279 2727 duo
301 2662 358 2726 illa
380 2662 468 2726 nulla
489 2661 650 2745 particula
671 2661 754 2726 inter
777 2679 811 2726 se
826 2659 995 2725 coniuncta
1009 2658 1094 2726 idem
1109 2661 1230 2726 valent.
1270 2663 1351 2728 Tum

217 2767 270 2829 vix
293 2765 395 2848 possit
417 2764 643 2841 demonstrari,
669 2784 741 2830 cum
764 2763 888 2828 semina
910 2762 1045 2843 distent,
1078 2783 1181 2829 rerum
1210 2766 1354 2848 pondera

217 2869 346 2934 differre
368 2887 500 2934 necesse
523 2887 607 2933 esse.
653 2865 739 2944 Quid
761 2865 846 2931 enim
869 2885 986 2932 causae
1013 2856 1073 2944 sit,
1104 2887 1160 2932 cur
1189 2868 1273 2934 duae
1301 2890 1353 2936 res

217 2972 268 3035 vel
292 2991 331 3036 ex
354 2970 490 3036 dirersis
513 2969 757 3054 primordiorum
784 2969 955 3052 generibus
986 2969 1182 3053 compositae
1211 2971 1296 3038 inter
1318 2993 1353 3040 se

218 3073 358 3158 pondere
379 3091 473 3157 pares
497 3092 570 3138 esse
598 3071 822 3156 nonpossint,
856 3072 883 3137 si
911 3092 969 3156 pro
992 3072 1149 3138 seminum
1172 3073 1355 3142 differentia

218 3174 403 3258 magnitudo
426 3195 534 3240 eorum
557 3174 599 3240 sit
622 3173 772 3240 diversa?
808 3175 891 3239 Nam
915 3174 1057 3258 etiamsi,
1084 3182 1119 3240 ut
1141 3183 1216 3242 sunt
1238 3177 1350 3262 librae,

218 3299 300 3360 quae
323 3277 472 3344 manibus
494 3277 613 3342 nostris
636 3276 812 3342 fabricatae
836 3283 919 3352 sunt,
946 3277 1090 3357 vitiosae,
1116 3277 1170 3342 vix
1186 3279 1353 3362 quisquam
1422 3283 1423 3288 ’

218 3381 259 3446 ad
282 3380 395 3460 hilum,
420 3387 455 3445 ut
476 3379 599 3446 ratione
615 3381 806 3464 postulatur,
830 3399 881 3445 res
897 3379 949 3445 vel
964 3379 1170 3446 diminuendo
1185 3383 1237 3447 vel
1252 3384 1353 3448 aucti-

218 3483 343 3549 ficando
366 3502 496 3568 prorsus
519 3489 687 3564 exaequet,
713 3489 820 3548 tamen
843 3489 958 3547 natura
981 3501 1019 3546 ac
1042 3501 1119 3548 casu
1142 3481 1205 3548 duo
1220 3504 1356 3570 corpora

219 3585 330 3650 eodem
353 3584 589 3669 pondereeesse
611 3592 754 3668 possunt.

305 3687 455 3770 Sequitur
476 3687 576 3770 igitur
597 3707 702 3769 neque
725 3691 863 3750 rao-4
886 3707 990 3769 neque
1015 3691 1140 3751 rao-7
1163 3709 1185 3753 a
1206 3689 1355 3756 Lucretio

219 3789 355 3874 scriptos
385 3809 468 3855 esse.
522 3791 634 3871 Itaque
663 3809 733 3854 cum
762 3809 803 3854 ne
835 3809 949 3854 versus
979 3791 1053 3853 718.
1080 3793 1099 3853 9
1133 3789 1261 3872 quidem
1295 3793 1355 3858 soli

218 3891 313 3976 positi
341 3893 516 3976 placeant,
556 3891 624 3957 veri
661 3891 857 3956 simillimum
893 3899 943 3957 est
979 3892 1086 3957 omnia
1121 3891 1198 3958 inde
1235 3914 1255 3958 a
1291 3898 1354 3960 718

219 3993 329 4077 spuria
351 4013 434 4060 esse.
481 3995 528 4059 Ac
551 3994 645 4061 simul
668 3993 813 4078 repetitio
836 4013 949 4060 versus
975 3997 1037 4058 726
1063 3994 1097 4058 in
1125 3995 1235 4077 quinto
1260 3995 1351 4079 libro,

219 4097 271 4162 ubi
295 4103 368 4180 post
390 4101 453 4160 440
483 4097 619 4180 legitur,
652 4097 793 4162 tollenda
823 4104 882 4162 est.
929 4096 1067 4163 Facilior
1097 4103 1200 4162 autem
1231 4097 1276 4163 ibi
1305 4107 1356 4165 est

219 4199 465 4281 argumentatio,
490 4220 560 4265 cum
582 4199 625 4265 ad
639 4200 806 4264 interuallo
821 4201 889 4264 aios
905 4208 963 4263 etc.
988 4200 1259 4284 »primordiorum«
1281 4209 1357 4267 tan-

219 4309 285 4365 tum
308 4302 476 4384 cogitando
500 4303 641 4387 suppleri
656 4301 767 4387 possit.
808 4303 902 4368 Valet
922 4302 1021 4385 igitur
1034 4303 1130 4384 idem,
1158 4303 1242 4386 quod
1258 4325 1357 4390 supra
