3312 5280
655 448 870 508 τ.77-.-

187 635 291 718 tisque
319 633 483 718 sulphuris
510 652 627 717 graves
656 653 753 699 auras
776 632 1021 707 exhalantibus;
1056 635 1087 696 2.
1113 653 1212 719 saepe
1235 634 1333 702 aedos

188 736 373 816 fulminibus
394 736 537 804 accendi.
584 735 710 804 Deinde
732 736 929 803 demonstrat
951 736 1036 803 huno
1059 733 1202 802 fulminis
1224 737 1333 820 ignem

188 839 337 906 subtilem
360 859 433 914 euru
456 838 567 923 primis
589 838 720 922 ignibus
743 858 815 904 esse
839 858 859 903 a
882 844 998 928 natura
1019 839 1243 916 constitutum
1270 860 1333 922 quo

189 943 288 1013 verba
311 944 441 1008 uss-8
463 947 619 1027 spectant,
646 947 742 1024 atque
765 940 861 1006 etiarn
884 940 1031 1007 versibus
1054 944 1116 1008 230
1133 962 1202 1026 sqq.
1222 941 1331 1010 fulmi-

188 1046 238 1110 nis
260 1046 392 1112 effeetus
415 1045 492 1112 solis
515 1044 613 1112 aalori
637 1050 856 1130 opponuntur:
884 1064 957 1113 nam
981 1044 1052 1110 vooi
1072 1054 1189 1127 puncto
1211 1045 1245 1115 in
1269 1050 1331 1112 230

189 1148 368 1233 oppositum
390 1155 440 1224 est
462 1156 596 1214 aetatem
618 1147 652 1214 in
676 1151 749 1212 236.
797 1148 835 1214 In
858 1147 964 1213 verbis
987 1167 1064 1213 vero

192 1334 194 1340 ἲ
317 1251 431 1316 transit
453 1251 534 1315 euim
555 1250 694 1316 validum
706 1251 839 1336 fulmen
856 1271 917 1333 per
939 1272 1017 1314 roua
1033 1273 1096 1334 per
1117 1274 1192 1316 aera

188 1354 227 1420 de
249 1355 347 1438 ignea
368 1353 512 1419 fulminis
535 1360 649 1420 natura
671 1353 800 1423 omnino
822 1373 886 1418 non
909 1353 1026 1437 agitur.

274 1456 399 1522 Deinde
429 1457 504 1540 quid
534 1457 586 1524 bio
614 1456 695 1522 illud
718 1456 857 1520 validum
879 1457 941 1522 sibi
964 1458 1050 1537 vult,
1078 1478 1150 1523 oum
1173 1465 1268 1542 poeta
1290 1458 1330 1524 de

188 1560 363 1626 subtilitate
385 1560 527 1626 fulminis
550 1559 722 1626 dioendunr
745 1559 807 1625 sibi
822 1560 1032 1644 proposuerit,
1052 1561 1243 1645 praesertim
1259 1582 1331 1627 oum

189 1663 229 1730 de
250 1663 281 1738 vi
306 1663 375 1728 eius
398 1663 473 1728 inde
495 1684 516 1730 a
539 1666 601 1728 239
625 1662 754 1730 demum
777 1667 874 1746 agat?
899 1699 936 1710 -

274 1767 458 1849 Sequuntur
480 1765 543 1832 dno
566 1765 639 1844 loni,
664 1766 718 1848 qui
741 1764 949 1832 Lachmanno
971 1765 1014 1832 ad
1037 1766 1166 1832 lectoris
1187 1766 1330 1852 pbiloso-
1386 1853 1388 1858 Ι

190 1868 243 1954 pbi
273 1889 401 1954 operam
432 1868 591 1953 pertinere
624 1868 782 1950 videntur,
821 1867 899 1934 mibi
932 1889 953 1935 a
980 1869 1191 1952 grammatico
1224 1871 1330 1954 potius

192 1972 317 2048 inserti:
635 1973 690 2052 I·V,
718 1973 885 2036 799-801

240 2145 243 2150 ,
341 2083 452 2140 tauta
474 2083 532 2139 est
553 2074 794 2158 modititos¹l
822 2082 859 2138 et
881 2096 1016 2138 rerum
1038 2075 1153 2158 eopia
1177 2083 1301 2140 tauta.

339 2178 398 2242 doe
419 2178 637 2261 ubiprimu
653 2178 768 2260 perit
789 2177 951 2262 alioque
974 2185 1030 2241 est
1051 2179 1187 2243 attera
1209 2193 1301 2243 outa

339 2281 429 2346 iude
456 2290 582 2360 statu,
613 2281 727 2364 prior
755 2281 817 2344 dio
845 2290 1002 2364 pentum
1030 2290 1204 2346 mutasse
1226 2282 1286 2346 oi-

395 2386 522 2448 detur.

229 2490 304 2566 vllll
334 2487 459 2572 quippe,
484 2487 554 2551 ubi
567 2486 702 2570 prima
718 2488 833 2569 perit
855 2487 1002 2570 alioque
1018 2488 1215 2552 estattero
1231 2497 1328 2552 uota

339 2591 429 2656 iude
458 2598 584 2670 statu,
611 2589 734 2672 prior
760 2589 824 2654 hic
852 2598 1004 2674 pastum
1032 2599 1204 2654 mutasse
1227 2591 1285 2654 oi-

273 2765 276 2770 ,
395 2695 524 2758 detur.

263 2867 264 2872 ἵ
338 2797 466 2878 seilicet,
492 2796 528 2860 id
534 2795 618 2880 fieri
638 2795 735 2860 ceteri
754 2796 877 2860 uatioue
893 2797 1123 2879 putandumst:

342 2907 457 2964 tauta
480 2907 538 2963 est
559 2898 769 2963 mobilitas
791 2908 828 2962 et
850 2920 981 2962 rerum
1003 2898 1120 2982 eopia
1143 2900 1281 2980 touta.)

686 3003 724 3082 V,
755 3006 836 3067 1315

276 3175 279 3181 Δ
342 3103 1309 3189 terrificas'eapitumquatientesuudiqueoristas·

198 3209 248 3290 (ll,
265 3210 326 3272 632
345 3208 558 3293 terrificas
574 3207 754 3291 capitum
770 3208 995 3291 quatientes
1010 3207 1142 3270 momine
1158 3206 1325 3289 cristus.)

190 3312 272 3376 Nam
308 3310 457 3392 quoniam
494 3331 548 3394 pg.
585 3316 622 3374 11
658 3309 798 3376 vidimus
837 3311 987 3376 lectorem
1027 3309 1330 3393 interpolationibus

191 3434 322 3500 operam
350 3433 414 3478 non
443 3413 586 3494 dedisse,
620 3434 662 3479 ne
691 3414 751 3478 has
781 3412 908 3496 quidem
932 3411 1195 3496 interpolationes
1219 3411 1248 3476 ei
1272 3412 1330 3476 tri-

191 3519 334 3584 buamus.
375 3515 593 3600 Interpolandi
616 3522 722 3582 autern
746 3535 845 3582 eausa
867 3534 922 3580 eos
945 3534 1058 3580 versus
1080 3514 1243 3598 repetitos,
1257 3533 1329 3580 esse
1360 3501 1363 3507 ’

192 3622 304 3700 elucet,
331 3640 403 3686 oum
426 3619 499 3686 ideo
514 3619 628 3686 mutati
651 3618 726 3699 sint,
753 3624 788 3684 ut
810 3618 912 3683 altero
935 3618 1004 3682 looo
1020 3617 1230 3682 omnibusex
1252 3637 1331 3699 par-

191 3724 276 3790 tibus
298 3743 370 3788 oum
393 3722 546 3806 proximis
570 3721 741 3798 convenire
763 3721 959 3786 viderentur.
984 3756 1028 3768 —

277 3825 362 3892 Satis
385 3825 516 3891 difficile
539 3832 589 3892 est
609 3824 762 3890 iudicium
786 3824 827 3890 de
849 3822 996 3888 versibus
1058 3919 1060 3924 Ι

656 3928 694 4008 V,
724 3930 817 3993 1327.
844 3929 863 3990 8

279 4032 361 4096 telo
391 4031 572 4116 infracto
594 4053 662 4094 suo
687 4030 917 4115 tiupueutes
938 4027 1131 4111 saupuiue
1153 4026 1239 4091 saeui

220 4197 223 4207 ,
255 4135 309 4198 iu
331 4133 529 4218 refracta
551 4156 619 4198 suo
644 4133 881 4218 tiuqueutes
903 4130 1103 4216 suoquiue
1127 4131 1219 4194 tela.

188 4329 189 4334 χ
251 4273 277 4336 ³¹)
299 4271 374 4340 quod
393 4271 422 4324 in
441 4271 584 4326 codicibus
603 4271 677 4326 inest
694 4275 770 4324 tauta
783 4270 937 4330 mobilitati,
958 4267 1136 4324 librariorum
1150 4266 1330 4335 neglegentia

191 4357 302 4412 videtur
319 4356 474 4425 irrepsisse.
