3312 5280
759 443 971 502 -52-

301 630 495 714 compositas
525 648 613 694 esse:
655 649 695 694 ex
723 629 822 696 variis
858 628 1029 711 generibus
1062 628 1238 694 litterarum
1269 627 1368 692 verba
1397 647 1435 692 ac

300 752 410 798 versus
433 732 610 816 composita
639 751 712 798 esse
741 731 848 798 dicere
874 751 939 796 non
960 731 1074 815 potuit.
1122 729 1186 798 Sed
1208 729 1336 796 etiamsi
1358 749 1435 794 con-

300 834 451 902 cedamus
481 840 609 918 pactam
638 833 671 899 id
701 840 825 898 tanturn
848 834 1066 900 demonstrare
1088 833 1246 912 voluisse,
1273 851 1313 898 ex
1335 831 1434 897 variis

300 938 395 1001 rebus
418 955 514 1000 unam
536 954 692 1000 summam
716 933 828 1002 confici
849 955 955 1020 posse,
981 942 1090 1000 tamen
1110 935 1159 1000 illi
1181 927 1296 1000 versus
1316 933 1434 1016 singuli

300 1039 380 1104 satis
411 1039 528 1106 multas
558 1037 753 1106 offensiones
776 1038 942 1122 praebent.
989 1038 1095 1120 Atque
1124 1037 1206 1104 illud
1234 1039 1317 1100 inter
1339 1059 1371 1100 se
1401 1037 1434 1101 in

300 1161 331 1203 1.
358 1142 420 1204 690
453 1139 611 1221 quomodo
644 1139 861 1222 intellegatur,
898 1141 1018 1206 nescio.
1065 1139 1150 1205 Nam
1183 1139 1267 1221 quod
1301 1139 1334 1203 in
1361 1139 1435 1204 libri

300 1242 393 1326 primi
415 1242 560 1308 versibus
584 1244 696 1306 1116
719 1243 856 1326 legimus

429 1366 498 1407 erem
523 1353 624 1408 temen
646 1344 729 1408 ieter
751 1365 783 1408 se
806 1366 913 1408 verses
935 1369 972 1408 ee
995 1345 1089 1408 oerde
1111 1352 1265 1408 necessest

429 1446 595 1531 corfiteere
610 1455 648 1512 et
669 1469 704 1511 re
727 1456 758 1511 et
779 1447 883 1512 sortite
905 1447 1024 1512 distare
1046 1448 1181 1528 sonanti,

299 1567 430 1632 prorsus
453 1555 574 1614 rectum
596 1555 662 1628 est,
695 1569 767 1614 curn
790 1549 926 1614 deterso
948 1549 990 1616 ad
1012 1549 1130 1614 distare
1151 1548 1309 1632 pertineat
1331 1567 1435 1629 neque

300 1650 365 1714 ullo
388 1650 482 1715 modo
504 1650 619 1716 abesse
647 1651 760 1734 possit.
806 1652 875 1717 Hoc
905 1671 980 1718 vero
1010 1653 1081 1716 loeo
1109 1651 1175 1715 atio
1205 1672 1242 1714 ee
1270 1649 1343 1714 eliis
1372 1651 1435 1714 ete-

299 1751 411 1814 meete‘s
434 1761 575 1838 constare
598 1753 699 1818 solum
722 1761 830 1837 potest
851 1753 930 1835 dici,
963 1754 1045 1817 inter
1071 1775 1104 1816 se
1126 1753 1192 1818 elie
1214 1775 1252 1816 ee
1275 1752 1348 1816 eliis
1371 1754 1434 1817 ete-

299 1855 411 1918 mente's
438 1863 580 1918 constare
608 1854 689 1920 nihil
719 1862 778 1921 est.
826 1857 952 1922 Deinde
985 1856 1150 1922 enuntiato
1178 1855 1329 1940 primario
1360 1856 1435 1940 quia

299 1956 393 2020 etiem
415 1958 515 2020 mutto
544 1957 696 2022 elemento
725 1959 809 2022 eides
838 1960 946 2024 meltis
974 1960 1148 2024 commercio
1178 1959 1280 2022 verbis
1305 1959 1433 2024 omnino

300 2067 458 2142 repugnat
485 2060 710 2126 secundarium
739 2061 905 2144 coafiteere
933 2071 1086 2128 necessest
1114 2063 1179 2126 ata
1208 2085 1246 2125 ee
1275 2061 1434 2124 111111111-

299 2162 412 2226 mentis
434 2171 586 2226 constare.
634 2164 740 2230 Verba
762 2164 846 2230 cnim
870 2165 898 2229 si
920 2165 986 2231 alia
1008 2186 1049 2234 ex
1072 2165 1146 2230 aliis
1169 2164 1335 2230 elementis
1358 2184 1434 2229 enn-

299 2269 394 2344 stant,
409 2263 565 2345 siquidem
578 2265 746 2330 formulam
759 2267 826 2330 otto
838 2251 875 2348 ee
887 2267 960 2330 eltis
972 2274 1057 2333 recte
1069 2267 1237 2351 perspicio,
1249 2267 1339 2332 nulla
1350 2267 1434 2333 inter

299 2385 334 2431 11
356 2365 475 2432 habent
497 2367 676 2434 eommunia
698 2369 866 2434 elementa.
907 2369 950 2434 Ut
971 2375 1077 2435 autem
1100 2375 1311 2453 praeteream,
1338 2389 1432 2452 quarn

299 2468 340 2532 sit
362 2468 444 2532 mira
465 2468 546 2535 haee
567 2470 735 2536 verborum
759 2471 938 2540 coniunctio
954 2472 988 2538 in
1005 2492 1099 2539 versu
1116 2475 1178 2536 692
1194 2463 1363 2536 communis
1379 2473 1434 2535 tt-

301 2579 367 2634 tcre
384 2580 501 2654 cerret,
529 2572 611 2638 haec
625 2574 862 2656 argumentatio
876 2574 911 2640 in
926 2575 1043 2640 circulo
1058 2581 1223 2640 versatur:
1249 2577 1350 2642 multa
1365 2577 1433 2640 ele-

299 2679 407 2738 menta
425 2673 533 2739 multis
548 2675 655 2740 verbis
679 2676 859 2742 communia
882 2683 965 2757 sunt,
992 2697 1064 2743 cum
1086 2678 1185 2743 verba
1208 2677 1336 2742 aliaeu
1359 2678 1433 2742 aliis

277 2793 288 2812 ·’
300 2781 445 2840 constent
456 2777 634 2855 elementis,
650 2797 714 2842 non
726 2797 788 2859 quo
800 2798 864 2844 non
877 2798 975 2862 saepe
987 2779 1166 2846 communia
1181 2780 1245 2845 sint
1260 2781 1429 2846 elementa.

298 2880 335 2942 ln
348 2877 556 2960 sequentibus
567 2879 713 2944 versibus
725 2899 798 2945 cum
810 2880 926 2946 tradita
942 2881 1108 2964 scriptura,
1124 2881 1210 2964 quod
1220 2882 1315 2948 valde
1327 2879 1434 2964 doleo,¹

297 2979 344 3043 ita
366 2978 544 3063 depravata
566 2980 620 3062 sit,
647 2988 682 3046 ut
704 3001 744 3048 ne
766 2983 986 3066 interpolatori
1009 2983 1137 3065 quidem
1159 2985 1346 3067 conveniat,
1372 2986 1432 3050 etsi

188 3099 190 3102 ·
297 3080 443 3164 intellegi
466 3082 571 3163 liceat,
598 3083 653 3164 qui
676 3083 772 3151 fuerit
787 3103 901 3152 111111
917 3085 986 3150 eius
1002 3105 1125 3167 versus,
1144 3093 1250 3152 tamen
1267 3085 1342 3152 inde
1357 3107 1433 3170 pro-

299 3182 374 3248 fecti
396 3183 652 3268 interpolationis
684 3187 811 3270 signum
839 3194 980 3253 statuere
1008 3189 1166 3254 nolumus.
1215 3189 1336 3254 Versus
1357 3209 1433 3255 vcro

299 3286 353 3367 qui
376 3287 519 3369 sequitur
546 3289 596 3369 (11,
624 3291 697 3373 691)
1021 3278 1023 3281 ’

407 3391 464 3452 sed
484 3391 557 3473 quio
578 3413 640 3454 aere
664 3393 751 3475 colpe
768 3393 867 3476 perio
889 3393 1030 3457 omnibus
1052 3395 1157 3458 omnio
1179 3403 1319 3458 constent

298 3492 349 3556 vel
365 3492 469 3574 magis
484 3499 582 3558 totum
599 3493 683 3559 hune
696 3496 799 3561 locum
815 3496 990 3562 insiticium
1006 3515 1079 3565 csse
1095 3497 1302 3564 demonstrat.
1334 3499 1432 3566 Cuius

298 3595 487 3660 sententiam
502 3595 577 3661 inde
589 3597 766 3664 certissime
779 3619 972 3682 cognoscere
984 3619 1165 3685 possumus,
1181 3603 1267 3668 unde
1279 3604 1320 3668 ab
1332 3603 1433 3670 inter-

297 3697 439 3779 polatore
451 3705 668 3782 sumptusest,.
677 3720 718 3765 ex
730 3700 862 3766 secundi
874 3702 946 3768 libri
956 3723 987 3765 v.
1001 3706 1074 3767 337.
1093 3703 1141 3769 Ibi
1156 3704 1240 3769 enim
1253 3712 1348 3788 poeta
1360 3725 1433 3790 pro-

298 3799 441 3877 baturus,
452 3819 547 3882 quam
559 3801 745 3884 multigenis
753 3802 865 3886 figuris
876 3804 1050 3889 primordia
1056 3805 1181 3871 variata
1190 3806 1263 3886 sint,
1276 3809 1433 3891 exemplis

298 3900 495 3967 demonstrat
509 3903 630 3968 nullam
646 3905 773 3971 omnino
788 3926 855 3972 rern
870 3907 964 3974 alteri
980 3908 1079 3991 plane
1093 3927 1205 3992 parem
1222 3929 1300 3975 1111.
1314 3912 1396 3992 (347.
1414 3913 1432 3974 8

506 4026 637 4089 quoram
659 4029 755 4071 anem
778 4009 900 4093 qee'doe's
922 4010 1096 4092 generatim
1118 4033 1238 4074 sumere
1258 4034 1374 4096 perpe.-

505 4107 642 4172 e‘neeee'es
665 4118 767 4173 temere
790 4110 873 4174 inter
895 4134 927 4175 se
949 4112 1084 4198 defferre
1092 4113 1226 4197 figeres.

504 4231 561 4272 aec
583 4211 705 4274 ratione
727 4212 793 4276 ele'e
812 4215 918 4295 proles
941 4237 1125 4298 copnoscere
1147 4225 1280 4279 eretrem

503 4333 558 4373 nee
580 4320 682 4376 meter
697 4323 807 4397 posset
823 4317 948 4398 protem
1216 4317 1222 4322 '
