3312 5280
794 384 1010 444 -70-

332 569 568 638 demonstratur
590 588 645 634 eos
667 569 701 634 in
718 590 800 646 eum,
823 569 877 635 ubi
893 570 1053 653 leguntur,
1073 570 1302 635 sententiarum
1318 588 1472 634 conexum

332 692 396 736 nou
419 671 588 754 quadrare.

419 775 522 858 Atque
537 774 601 839 iam
616 775 787 858 Briegerus
810 775 977 858 {Philolog
993 775 1116 852 XXIII,
1136 779 1199 840 456
1216 779 1298 858 sqq.)
1328 781 1359 840 et
1377 776 1470 841 Stue-
1553 813 1556 817 ·
1641 726 1644 740 ⁴

332 877 522 960 renburgius
545 884 777 962 perspexerant
799 877 894 942 finem
916 879 1070 962 prooemii
1098 878 1172 942 libri
1195 877 1289 962 primi
1312 898 1376 942 non
1399 897 1471 944 esse

333 1000 458 1061 sanum,
493 979 570 1063 quia
597 981 695 1046 verba
725 981 807 1044 banc
833 981 931 1065 r'pt'tar
955 989 1106 1045 terrorem
1129 981 1229 1044 animi
1248 1004 1275 1045 e.
1301 1005 1329 1065 q.
1357 1004 1382 1044 ι.
1408 1002 1471 1047 non

333 1090 419 1148 recte
450 1083 613 1167 excipiant
642 1103 752 1149 versus
787 1087 945 1161 136-45,
970 1083 1004 1148 in
1030 1084 1145 1167 quibus
1168 1082 1208 1148 de
1231 1090 1350 1149 terrore
1374 1085 1471 1148 animi

332 1186 535 1269 tenebrisque
572 1205 676 1252 sermo
713 1206 776 1252 nou
811 1186 883 1266 fiat;
917 1186 990 1268 sed,
1024 1186 1109 1270 quod
1139 1187 1244 1266 miror,
1278 1194 1410 1270 uterque
1441 1187 1473 1251 in

336 1292 481 1354 rso-45
495 1309 625 1354 causam
637 1289 706 1354 eius
718 1289 827 1354 mendi
839 1289 1033 1369 essevoluit,
1049 1290 1165 1372 quibus
1177 1289 1323 1356 versibus
1337 1291 1471 1356 seclusis

334 1392 415 1455 heac
428 1392 526 1476 igitar
539 1401 688 1456 terrorem
700 1392 800 1456 aetati
811 1393 1012 1476 tenebrasque
1024 1392 1066 1458 ad
1078 1393 1176 1458 verba
1188 1401 1219 1456 et
1231 1415 1308 1476 qaae
1319 1415 1370 1456 res
1385 1394 1473 1456 aubis

333 1494 535 1578 vapulantibus
566 1495 655 1559 obvia
684 1503 799 1559 meotes
828 1495 979 1580 terra'ficet
1005 1497 1112 1559 morbo
1142 1496 1278 1582 adfectis
1308 1518 1472 1580 somnoque

333 1599 464 1680 sepultis
481 1601 563 1675 (132.
581 1600 610 1681 3]
627 1599 708 1664 bene
720 1604 912 1683 spectarent.
943 1597 1007 1664 Sed
1020 1598 1204 1682 omiserunt,
1221 1619 1294 1664 eum
1306 1606 1468 1680 terrorem,

333 1721 395 1784 quo
417 1700 586 1778 afficimur,
611 1701 639 1766 si
655 1721 824 1785 aegrorum
840 1701 1106 1768 dormientiumve
1122 1703 1280 1768 mentibus
1297 1703 1467 1768 simulacra

334 1810 528 1869 mortuorum
551 1803 646 1870 obvia
668 1803 762 1885 fiunt,
789 1823 830 1869 ne
851 1809 985 1868 naturae
1008 1803 1136 1886 quidem
1160 1805 1266 1888 speeie
1290 1824 1327 1869 ac
1350 1805 1472 1870 ratione

333 1905 449 1972 discuti
471 1925 575 1990 posse,
603 1905 754 1989 quoniam
783 1906 816 1970 iu
846 1905 987 1972 febribus
1015 1907 1211 1989 somniisque
1233 1907 1326 1973 nobis
1349 1907 1473 1990 obrepit

333 2007 442 2074 invitis
470 2007 663 2092 nesciisque.
717 2007 807 2073 Nihil
843 2008 941 2092 igitur
973 2007 1134 2074 lucramur
1152 2009 1299 2098 seclusis
1328 2010 1473 2075 versibus

336 2115 494 2174 136-45.
542 2111 607 2177 Sed
629 2111 795 2196 praeteriit
821 2111 895 2176 illos
918 2111 1016 2177 etiam
1039 2131 1090 2177 ros
1113 2111 1198 2178 unde
1229 2113 1333 2178 elucet
1362 2132 1474 2178 versus

337 2215 461 2277 llo-8
477 2213 562 2278 male
577 2213 715 2278 insertos
732 2233 814 2280 esse.
856 2215 1019 2280 Habemus
1036 2214 1131 2296 enim,
1151 2214 1180 2280 si
1203 2214 1347 2280 codicum
1363 2215 1474 2281 lectio-

334 2336 406 2381 nem
430 2316 601 2399 sequimur,
628 2315 722 2382 haec:
1303 2335 1305 2338 ·

773 2428 907 2484 naturae
928 2420 1046 2504 spectes
1067 2420 1221 2505 ratioque,

504 2521 699 2605 praeceptam
722 2522 810 2586 cadas
832 2521 905 2586 biae
927 2524 1014 2587 achis
1036 2524 1166 2588 ceordic
1188 2532 1297 2588 sumet.

332 2626 421 2688 cadas
451 2625 491 2690 ad
520 2625 602 2688 ratio
633 2626 735 2690 solum
764 2625 883 2691 referre
906 2625 1069 2708 debemus
1097 2627 1172 2709 quia
1194 2626 1310 2709 species
1332 2625 1474 2710 ratioque

333 2749 396 2793 non
422 2734 528 2812 potest
557 2748 614 2812 per
642 2728 860 2812 hendiadyoin
889 2729 1002 2813 accipi,
1030 2750 1102 2794 cum
1125 2750 1145 2794 a
1168 2729 1283 2811 spectes
1306 2729 1474 2812 genetivus

333 2839 468 2914 qutaarue
490 2831 643 2915 pendeat3
670 2830 704 2895 id
726 2849 813 2909 vero,
839 2831 933 2910 ratio,
958 2831 1050 2898 cuius
1073 2831 1263 2916 principium
1286 2832 1361 2897 binc
1383 2832 1474 2897 nobis

334 2934 465 3000 exordia
489 2940 593 2999 sumet
622 2933 703 3017 (odie
726 2934 893 3016 Vernunft,
920 2934 1018 3000 deren
1041 2935 1173 3018 Anfang
1194 2935 1368 3018 folgenden
1390 2935 1475 3000 Aus-

332 3037 543 3120 gangspunkt
557 3035 695 3102 nahmen
711 3038 795 3120 soll«)
817 3037 992 3102 absurdum
1014 3044 1072 3103 est.
1111 3037 1254 3103 Sublatis
1277 3044 1384 3103 autem
1408 3038 1473 3103 illis

333 3141 480 3206 versibus
503 3140 601 3205 verba

504 3243 699 3327 principiam
721 3241 809 3308 cadas
831 3243 903 3306 hiae
925 3242 1014 3307 aubis
1036 3243 1166 3307 exordia
1188 3251 1287 3306 sumet

334 3347 417 3412 bene
439 3345 619 3412 referuntur
641 3346 683 3411 ad
706 3369 765 3431 qao
788 3346 926 3410 carratae
948 3348 1071 3410 demam
1101 3349 1198 3430 (143).

420 3447 510 3526 Quae
533 3467 603 3514 cum
626 3449 672 3514 ita
695 3449 775 3530 sint,
813 3470 885 3515 cum
908 3468 1020 3514 versus
1046 3452 1183 3514 llo-8
1206 3469 1264 3533 per
1286 3469 1321 3515 se
1344 3451 1474 3534 plenum

333 3572 464 3618 sensum
493 3573 556 3617 non
586 3551 729 3618 efficiunt
757 3559 790 3618 et
811 3552 1009 3630 ¹sententiam
1046 3552 1376 3635 constructionemque
1405 3553 1475 3618 eius

333 3654 406 3732 loci,
432 3654 487 3720 ubi
509 3655 667 3737 leguntur,
695 3656 898 3738 perturbent,
931 3653 1010 3718 mihi
1038 3673 1228 3738 persuasum
1257 3661 1307 3720 est
1335 3675 1389 3720 ecs
1412 3675 1475 3720 non

334 3778 354 3822 a
376 3764 473 3841 poeta
487 3757 641 3842 repetitos
658 3777 741 3823 esse.
783 3758 831 3822 Ab
848 3757 968 3822 editore
983 3764 1150 3842 propterea
1166 3777 1222 3822 eos
1237 3777 1301 3822 non
1316 3757 1475 3842 proficisci

332 3867 420 3946 puto,
447 3860 532 3942 quod
555 3880 710 3926 conexum
733 3859 829 3926 huius
851 3859 914 3924 looi
938 3861 1076 3941 turbant,
1109 3879 1213 3942 neque
1235 3861 1363 3926 omniuo
1386 3860 1476 3943 quic-

333 3984 429 4046 quam
458 3963 492 4028 in
520 3963 567 4030 eis
597 3963 754 4043 versibus,
785 3981 866 4045 quos
888 3969 985 4046 poeta
1006 3962 1187 4046 reliquerat,
1215 3962 1471 4029 desiderabatur.

334 4068 382 4132 Ao
397 4086 437 4132 ne
453 4066 493 4132 de
503 4067 627 4132 lectore
642 4065 834 4150 philosopho
849 4065 977 4148 quidem
996 4066 1219 4149 cogitabimus.
1262 4067 1327 4132 Sed
1349 4066 1476 4151 repetiit

336 4189 393 4235 eos
409 4189 522 4236 versus
545 4170 602 4236 ille
625 4168 864 4253 grammaticus,
891 4189 970 4251 quos
993 4169 1027 4232 in
1043 4170 1144 4234 tribus
1159 4169 1329 4253 prooemiis
1348 4177 1475 4236 exstare

337 4271 487 4354 vidisset,
515 4291 569 4337 eos
593 4272 690 4338 etiam
712 4271 746 4336 in
769 4271 830 4336 hoc
853 4271 933 4337 libro
955 4272 1128 4356 placituros
1151 4274 1340 4338 arbitratus:
1367 4272 1473 4338 omisit
