3312 5280
792 431 1006 488 -50-

328 611 452 678 nemsi
482 611 517 676 in
547 610 634 677 hunc
656 612 696 677 de
724 631 786 694 quo
811 613 937 696 agimus
960 613 1067 680 locum
1097 614 1297 698 adhibemus,
1324 618 1465 683 absurda

326 713 362 778 fit
392 714 562 784 sententia.
609 713 693 778 Nam
720 715 868 798 posituro
897 715 1105 799 discrepitant
1131 740 1198 799 rec,
1238 719 1266 784 si
1295 720 1329 784 in
1359 721 1465 786 medio

326 816 546 899 relinquimus,
565 823 670 882 utrum
693 838 757 880 rec
778 817 821 882 ad
837 818 935 883 verba
951 837 993 883 an
1007 819 1050 884 ad
1065 839 1177 886 versus
1193 820 1364 904 pertineat,
1383 821 1464 887 nihil

326 917 415 984 aliud
437 917 599 1000 siguificat
616 938 711 1000 quam
727 938 839 984 versus
861 919 1005 1004 positura
1020 921 1188 987 verborum
1204 922 1386 1008 discrepare
1409 932 1465 990 aut

327 1023 427 1087 verba
456 1021 601 1106 positura
629 1022 869 1088 elementorum.
917 1022 959 1087 At
986 1022 1020 1088 id
1042 1030 1128 1090 certe
1157 1045 1221 1090 non
1243 1025 1359 1109 agitur,
1388 1047 1463 1092 num

327 1125 427 1190 uerba
448 1125 500 1190 vel
523 1123 649 1218 litterae
671 1123 704 1188 in
727 1124 833 1209 eapite
856 1125 909 1190 vel
931 1145 951 1189 a
973 1131 1064 1209 tergo
1086 1127 1192 1210 posita
1214 1127 1288 1194 sint.

413 1226 513 1292 Video
536 1225 630 1292 nimis
653 1227 781 1309 longam
804 1226 1129 1310 disputationemme
1151 1229 1259 1295 facere
1284 1230 1324 1296 de
1354 1231 1457 1315 nugis

325 1347 409 1410 quac
431 1347 494 1410 quo
516 1325 721 1393 absurdiores
745 1335 834 1410 sunt,
862 1347 899 1393 eo
922 1327 1119 1396 difficiliores
1142 1331 1301 1411 refutatu3
1341 1333 1399 1398 sed
1421 1353 1462 1398 ne

326 1449 441 1495 munus
464 1430 655 1496 recensendi
676 1431 779 1496 levius
802 1437 957 1498 tractasse
972 1432 1094 1514 videar,
1121 1434 1216 1499 etiam
1232 1435 1352 1500 exitum
1367 1435 1462 1501 huius

326 1532 389 1598 loci
412 1533 672 1618 contemplemur.
714 1532 784 1610 Quo
807 1533 887 1599 nihil
910 1541 1016 1618 potest
1035 1535 1171 1602 inveniri
1189 1538 1330 1603 stultius.
1377 1539 1460 1604 Nam

325 1655 399 1700 cum
422 1635 543 1702 dictum
566 1635 608 1701 sit
636 1636 686 1720 (II,
718 1639 798 1699 1020
815 1639 898 1720 sqq.)

944 1738 1093 1803 neoterici

480 1861 647 1904 concursus
669 1849 770 1904 rnotuc
792 1842 868 1904 ordo
885 1841 1034 1924 posituro
1042 1842 1175 1926 flpuroc

479 1964 549 2006 curn
565 1950 799 2026 permutantur,
825 1943 945 2008 aaran
956 1965 1015 2007 res
1038 1965 1159 2029 quoquc
1181 1946 1301 2029 debent,

322 2045 400 2128 quid
423 2045 511 2110 uliud
532 2045 607 2110 iude
631 2044 790 2128 colligitur
812 2066 908 2128 quam
936 2046 1057 2130 figuras
1080 2047 1307 2132 principiorum
1329 2069 1458 2134 permu-

323 2148 385 2214 tari
408 2153 524 2232 pessel
562 2148 654 2226 Quod
676 2154 871 2233 quantopere
893 2169 914 2214 a
936 2149 1076 2214 Lucretii
1105 2149 1146 2216 de
1176 2151 1292 2217 atomis
1315 2152 1460 2219 doctrina

323 2250 485 2316 diversum
508 2249 558 2330 sit,
587 2249 780 2333 quicumque
795 2251 893 2316 libros
916 2251 1054 2335 primum
1070 2258 1102 2317 et
1116 2253 1291 2318 secundum
1306 2254 1455 2339 tetigerit,

322 2353 505 2438 perspiciet.
1083 2433 1086 2440 Ι

321 2451 323 2455 ’
410 2455 517 2547 Quare
540 2463 660 2522 certum
684 2463 733 2522 est
762 2455 820 2522 hes
844 2475 956 2522 versus
979 2477 1000 2521 a
1022 2457 1177 2522 Lucretio.
1192 2477 1256 2522 non
1279 2477 1351 2524 esse
1373 2479 1459 2524 com-

323 2559 461 2642 positos;
489 2579 593 2641 neque
608 2579 684 2624 uero
700 2558 746 2624 sic
762 2557 890 2624 defendi
906 2565 1051 2642 possunt,
1071 2565 1105 2623 ut
1123 2559 1306 2626 Lucretium
1323 2579 1379 2626 eos
1394 2561 1458 2625 alic

268 2653 274 2664 '
322 2661 392 2726 loco
414 2681 533 2746 ponere
554 2661 588 2725 in
609 2660 716 2726 animo
735 2659 888 2725 habuisse
910 2663 1069 2744 putemus,
1096 2659 1181 2742 quod
1196 2659 1339 2730 fecerunt
1353 2661 1458 2726 Lach-

322 2783 458 2829 mannus
488 2770 520 2829 et
542 2763 739 2847 Bernaysius
767 2762 840 2828 aliis
864 2762 992 2844 quidem
1015 2763 1120 2828 causis
1144 2763 1231 2828 moti.
1279 2763 1458 2828 Nunnium

213 2861 216 2867 ’
322 2887 395 2932 eam
417 2866 637 2948 quaestionem
660 2866 827 2930 absolvere
849 2884 1030 2949 possumne,
1057 2885 1139 2948 quae
1161 2865 1202 2930 de
1224 2865 1459 2949 interpolatoris

321 2969 416 3035 etde
439 2968 567 3035 lectoris
590 2967 773 3053 philosophi
801 2989 865 3033 una
887 2968 919 3032 in
950 2968 1010 3033 hcc
1039 2969 1110 3034 loco
1133 2967 1340 3052 agnoscenda
1362 2988 1459 3052 opera

320 3079 408 3138 mota
430 3079 489 3138 est.
522 3071 627 3154 Atque
650 3090 777 3136 versum
803 3075 884 3135 1020
907 3073 962 3154 l=
979 3074 1050 3151 726)
1077 3091 1141 3135 non
1156 3071 1197 3136 ab
1214 3091 1262 3151 eo,
1288 3070 1343 3152 qui
1358 3077 1458 3136 totum

321 3176 404 3242 huuc
424 3177 528 3241 locum
545 3174 745 3258 conscripsit,
764 3174 919 3239 insertum
936 3192 1008 3239 esse
1023 3180 1059 3238 ut
1074 3180 1238 3257 appareat,
1258 3174 1456 3256 argumentis

320 3299 385 3345 non
408 3286 458 3344 est
479 3292 571 3362 opus.
611 3277 659 3342 Ac
681 3297 721 3342 ue
736 3277 950 3360 interpolandi
966 3276 1094 3359 quidem
1110 3296 1211 3342 causa
1227 3276 1372 3342 adiectus
1388 3284 1452 3342 est:

321 3381 450 3464 quodsi
467 3386 562 3460 essct,
580 3398 658 3444 sane
670 3379 824 3444 facillima
835 3399 934 3463 opera
945 3379 1014 3442 cios
1025 3379 1059 3442 in
1071 3379 1150 3459 otae,
1165 3379 1329 3461 ploposin
1338 3379 1459 3461 plopoe

320 3490 444 3548 mutata
466 3489 584 3548 essent.
624 3482 738 3564 Itaque
754 3481 865 3546 lectori
881 3481 978 3558 alicui
995 3501 1067 3546 eum
1083 3481 1267 3562 tribuemus,
1295 3481 1359 3562 qui,
1386 3501 1457 3546 cum

214 3591 215 3594 ’
320 3605 448 3652 versum
473 3588 534 3648 726
564 3583 717 3650 memoria
739 3589 879 3664 teneret,
913 3603 975 3666 quo
997 3582 1060 3667 ipsi
1083 3582 1205 3648 similes
1227 3602 1279 3648 res
1303 3583 1457 3648 contineri

320 3688 504 3754 viderentur
526 3693 623 3768 atque
645 3686 678 3751 iu
703 3690 796 3766 1021,
823 3706 894 3752 eum
917 3686 951 3750 in
973 3686 1057 3750 huuc
1072 3686 1175 3751 locum
1191 3685 1454 3769 transscripserit.

320 3792 413 3858 Unde
443 3811 515 3855 cum
543 3788 709 3873 idipsum
739 3796 893 3873 appareat
923 3789 1074 3858 lectorem
1111 3789 1201 3852 illum
1231 3787 1456 3873 philosophum

294 3905 295 3910 ’
319 3892 496 3978 posteriore
519 3897 663 3975 tempore
685 3889 805 3956 vixisse
827 3911 923 3974 quam
945 3891 1220 3974 interpolatorem,
1253 3889 1288 3954 id
1319 3910 1357 3956 co
1380 3909 1456 3954 cou-

317 3995 472 4076 firmatur,
501 3992 587 4076 quod
609 3991 662 4058 hic
685 4011 798 4058 versus
827 3994 929 4074 (1020)

525 4095 694 4159 interuallo
718 4094 785 4158 oioc
809 4116 941 4157 conanus
958 4095 1104 4178 pondera
1120 4093 1239 4176 plupus

321 4221 524 4232 ...——

490 4264 527 4331 II,
543 4267 607 4320 947:
627 4265 805 4319 dissoluuntur
823 4267 891 4318 enirn
905 4265 1046 4333 positurae
1061 4263 1269 4333 principiorum.

315 4351 445 4411 conferas
463 4353 513 4415 IV,
535 4353 594 4404 067.
615 4353 673 4404 043.
