3312 5280
638 415 851 474 „qq-

333 600 397 663 sc'ce
419 601 496 662 adeo
515 600 622 682 potins
644 623 813 685 numquam
835 609 979 664 concreto
1001 610 1137 665 creasset

333 704 432 766 ullam
453 725 531 778 rem,
557 703 703 786 quomrum
725 705 796 784 coqc'
816 703 947 780 damete
967 705 1124 789 nequisset

177 827 242 872 non
264 805 505 887 haberentque
528 805 800 871 confirmarentur.

264 908 389 972 Primus
404 908 477 998 illos
493 927 606 974 versus
622 908 776 974 delendos
792 909 917 974 censuit
931 908 1140 975 Neumannus
1155 931 1209 994 pg.
1232 913 1314 974 132-

181 1015 230 1102 16,
243 1010 473 1093 cuiBriegerus
485 1011 720 1093 quodammodo
728 1010 944 1095 adstipulatur
956 1011 1113 1094 [Bursian.
1124 1011 1309 1078 Jahrcsber.

182 1113 334 1178 1876vol.
347 1112 401 1193 Vl,
414 1133 470 1196 pg.
486 1115 571 1196 186).
589 1115 694 1195 Atque
706 1115 761 1180 ille
771 1115 816 1179 sic
827 1113 1047 1180 ratiocinatur:
1063 1115 1177 1180 »verba
1188 1124 1314 1179 servato

184 1217 286 1298 (1029)
308 1224 340 1280 et
355 1216 525 1282 coniectast
544 1218 647 1299 (1030)
668 1217 710 1281 ad
731 1239 851 1280 samnnc
865 1225 972 1280 creata
992 1218 1096 1299 (1028)
1117 1218 1314 1283 nullomodo

178 1325 312 1401 possunt
333 1319 454 1400 referri,
481 1339 553 1384 cnm
576 1319 743 1384 Lucretius
766 1319 873 1386 dicere
899 1339 962 1384 non
991 1320 1130 1404 potuerit
1157 1339 1313 1386 summam

179 1428 318 1487 creatam
347 1421 380 1486 in
411 1428 514 1487 motus
538 1422 765 1488 convenientes
789 1423 966 1488 coniectum
990 1422 1133 1504 efficere,
1166 1431 1202 1488 ut
1227 1445 1314 1490 mare

180 1544 291 1590 amnes
320 1524 495 1608 integrent,
522 1532 608 1590 terra
637 1525 722 1591 fetus
750 1534 861 1606 novet,
892 1533 1015 1607 cetera,
1047 1526 1070 1590 i.
1095 1546 1124 1592 e.
1157 1546 1315 1592 summam

179 1636 321 1694 creatam
344 1648 500 1694 summam
524 1637 663 1695 creatam
680 1629 818 1696 efficere.
860 1631 949 1696 Haec
964 1631 1071 1696 omnia
1086 1651 1151 1697 una
1166 1631 1207 1698 dc
1222 1633 1317 1716 copia

181 1733 336 1798 materiae
358 1731 446 1798 dicta
468 1751 539 1798 esse
562 1740 726 1817 possunt«
762 1735 807 1799 Ut
820 1734 968 1817 primum,
988 1735 1073 1816 quod
1087 1735 1232 1819 proximo
1247 1736 1317 1800 loco

180 1834 353 1911 contendit,
372 1835 518 1914 refutem,
544 1857 607 1902 non
623 1843 710 1902 recto
725 1836 807 1902 dixit
821 1839 1004 1902 universam
1020 1838 1173 1904 materiae
1189 1838 1314 1923 copiam

180 1939 214 2002 in
236 1946 339 2004 motus
362 1940 588 2006 convenientes
611 1940 789 2005 coniectam
812 1959 901 2005 esse:
927 1961 1004 2006 nam
1026 1947 1093 2006 tota
1114 1942 1171 2006 illa
1192 1941 1317 2006 infinita

182 2041 424 2126 primordiorum
436 2043 541 2126 copia,
557 2042 672 2125 quibus
689 2063 814 2131 summa
828 2050 937 2108 creata
951 2043 1057 2109 denuo
1068 2063 1196 2128 semper
1207 2044 1313 2126 alitur,

181 2151 271 2209 extra
293 2151 413 2210 certum
436 2152 556 2210 motum
578 2153 734 2212 versatur.
783 2145 848 2212 Sed
871 2147 967 2212 ctiam
998 2146 1085 2230 quod
1107 2148 1331 2214 Ncumannus·

181 2249 311 2331 colligit,
332 2249 360 2314 si
378 2251 545 2312 roas-34
561 2249 604 2314 ad
620 2269 778 2316 summam
794 2255 937 2316 creatam
953 2248 1155 2331 referrentur,
1175 2251 1222 2316 eis
1238 2249 1317 2316 nihil

180 2351 314 2435 exprimi
329 2351 393 2416 nisi
409 2371 534 2417 summa
549 2359 658 2418 creata
680 2371 837 2417 summam
860 2360 1000 2418 creatam
1023 2352 1117 2431 effici,
1140 2373 1160 2418 a
1182 2354 1318 2420 veritate

180 2455 276 2536 longe
291 2453 422 2520 recedit.
461 2455 575 2537 Neque
592 2455 676 2520 enim
699 2461 786 2520 creat
808 2473 843 2520 se
865 2455 939 2539 ipsa
958 2475 1083 2520 summa
1097 2462 1216 2536 creata,
1244 2456 1313 2537 sed,

181 2576 253 2620 curn
277 2557 377 2621 semel
399 2555 432 2619 in
456 2564 558 2620 motus
582 2557 809 2622 convenientes
832 2557 976 2622 coniecta
998 2557 1056 2638 sit,
1082 2566 1191 2623 manet
1211 2559 1246 2622 in
1269 2559 1316 2624 eis

182 2659 328 2741 cogitque
351 2679 399 2740 ea,
426 2679 508 2740 quae
530 2659 594 2724 iam
618 2658 755 2724 affluunt
773 2660 961 2743 primordia,
986 2667 1022 2725 ut
1045 2661 1092 2726 eis
1114 2661 1314 2744 indulgeant.

267 2761 371 2827 Nimis
394 2762 488 2844 longe
510 2761 544 2826 in
566 2761 714 2828 hocloco
737 2771 877 2828 moratus
902 2782 974 2829 csso
996 2763 1132 2844 viderer,
1159 2764 1230 2830 nisi
1245 2785 1317 2830 cum

182 2865 346 2930 absolvere
359 2863 460 2930 satius
473 2864 646 2945 duxissem,
666 2861 701 2928 ut'
714 2865 749 2948 in
765 2866 911 2931 versibus
920 2867 958 2946 V,
974 2868 1120 2930 lle-31
1140 2867 1317 2932 tractandis

181 2967 319 3032 breviter
334 2967 376 3031 ad
392 2987 441 3046 ea,
461 2987 545 3048 quac
560 2967 654 3032 modo
670 2967 818 3048 disserui,
838 2968 990 3034 lectorem
1006 2970 1159 3052 ablegare
1174 2989 1314 3054 possem.

268 3069 311 3134 Ut
333 3069 430 3152 igitur
452 3070 567 3149 adid,
594 3070 679 3152 quod
700 3071 793 3136 nobis
816 3072 1011 3155 propositum
1035 3080 1100 3151 cst,
1132 3072 1314 3152 redeamus,

182 3172 353 3238 dicendum
376 3179 425 3238 cst
446 3171 488 3238 dc

658 3277 691 3355 Ι,
718 3279 792 3340 635.
819 3281 837 3339 6

326 3385 520 3461 quapropter
541 3379 597 3460 qui
616 3379 778 3442 materiem
799 3401 906 3442 rerum
928 3401 993 3443 esse
1010 3388 1168 3463 potarunt

324 3480 426 3563 iqnem
448 3489 543 3564 atque
566 3503 604 3543 ea
625 3481 693 3565 c'qni
713 3503 866 3545 summam
889 3482 1127 3547 consisterent
1148 3534 1153 3546 .

183 3580 245 3658 Qui
267 3587 302 3646 ut
323 3582 371 3646 illi
399 3583 451 3666 (ll,
479 3573 552 3647 522.
579 3584 609 3666 3)

326 3685 576 3769 quodquoniam
598 3687 700 3766 docui,
720 3709 856 3770 perquam
878 3697 1036 3752 conectere
1058 3711 1124 3753 rem
1147 3712 1226 3774 qnae

327 3809 365 3850 ee
387 3787 444 3851 hoc
465 3796 542 3871 opta
551 3787 656 3872 fidem
678 3791 783 3868 ducat,
802 3790 982 3873 primordia
1004 3813 1110 3855 rernm

182 3890 273 3955 brevi
294 3897 367 3974 post
388 3891 503 3956 iterum
527 3893 690 3974 leguntur:
717 3897 792 3957 705.
818 3897 848 3956 6.
896 3893 978 3959 Huic
1002 3895 1071 3960 loco
1094 3895 1171 3977 quin
1188 3896 1318 3980 egregie

183 3993 390 4073 conveniant,
424 4013 517 4059 nemo
548 3993 608 4059 crit
638 3995 693 4076 qui
722 3994 855 4061 dubitet.
903 3997 1076 4079 Postquam
1113 3998 1196 4062 enim
1233 3998 1319 4081 ignis

175 4095 331 4180 -cxemplo
353 4115 430 4161 usus
450 4095 568 4174 docuit,
594 4117 689 4179 quarn
705 4097 847 4181 ineptum
865 4099 917 4176 sit,
943 4117 983 4163 cx
999 4119 1063 4163 una
1078 4100 1214 4164 materia
1229 4101 1318 4184 prin-

183 4198 291 4281 cipiali
315 4198 421 4263 omnia
444 4206 552 4264 creata
574 4200 738 4276 derivare,
764 4221 835 4265 cum
857 4221 961 4283 neque
984 4201 1070 4267 cerni
1092 4202 1210 4285 possit,
1238 4223 1318 4285 quo-

184 4300 276 4364 modo
306 4320 347 4365 cx
371 4320 411 4366 ea
441 4315 500 4366 aut
525 4301 661 4367 densata
690 4310 746 4366 aut
774 4302 935 4368 rarefacta
964 4322 1075 4368 omnes
1099 4324 1151 4370 res
1178 4305 1321 4369 oriantur
