3312 5280
651 457 694 465 —
738 423 872 521 475

190 631 253 676 uon
267 609 371 675 fusius
388 629 458 675 eum
471 608 511 673 de
523 607 717 674 carminibus
730 607 847 673 dicere.
877 606 990 689 Itaque
1003 605 1108 670 facere
1120 624 1183 670 non
1195 623 1326 688 possum

190 714 266 797 quin
288 719 397 798 putem
426 712 466 777 de
495 709 637 776 Lucretii
660 709 854 775 carminibus
877 729 942 774 non
964 709 1064 774 multo
1087 715 1185 773 antea
1207 707 1326 792 publici

189 816 267 882 iuris
282 815 375 880 iactis
391 813 562 880 Cicerones
584 812 737 878 iudicium
762 811 899 877 breviter
920 807 1004 876 inter
1019 830 1054 876 se
1070 809 1323 876 communicare:

190 918 319 1001 grauiam
342 935 396 982 eos
419 935 484 981 non
514 935 586 981 esse
615 921 718 980 motos
746 920 841 980 etex
864 933 917 994 eo,
949 912 1035 996 quod
1064 921 1222 996 nusquam
1244 911 1326 977 alias

191 1019 330 1085 Lucretii
352 1018 546 1084 mentionem
568 1017 706 1100 faciunt,
733 1022 827 1082 etex
850 1022 917 1081 tota
946 1035 1055 1080 eorum
1084 1021 1201 1080 natura
1230 1021 1326 1096 atque

191 1121 319 1205 ingenio
343 1120 487 1203 colligas.

275 1223 439 1306 Inquirere
451 1241 537 1306 vero,
554 1221 683 1286 cuinam
694 1220 857 1286 hominum
870 1218 1044 1300 doctorum,
1061 1219 1195 1302 quitum
1207 1219 1327 1284 Romae

190 1327 351 1410 rigebant,
368 1331 475 1392 sectae
488 1323 748 1390 adnumerandus
761 1323 803 1388 sit
814 1323 926 1403 editor,
942 1341 1218 1407 supervacaneum
1231 1322 1321 1402 duco,

101 1442 104 1450 ⁴
190 1430 339 1512 quoniam
360 1429 521 1514 propriam
545 1427 615 1492 eius
637 1433 784 1491 naturam
807 1425 934 1506 exeis,
971 1444 1054 1508 quae
1076 1425 1111 1489 in
1133 1424 1326 1490 carminibus

190 1532 390 1598 Lucretianis
413 1529 607 1610 emendavit,
633 1549 698 1594 non
721 1529 800 1594 satis
822 1527 1006 1613 perspicere
1029 1547 1200 1612 possumus
1223 1547 1327 1610 neque

190 1634 266 1699 inde
293 1634 472 1716 *quicquam
509 1631 550 1697 ad
585 1631 837 1696 emendatoriam
875 1630 943 1696 eius
978 1633 1112 1714 operam'
1140 1629 1327 1694 'accuratius

190 1736 445 1820 cognoscendam
468 1733 637 1800 redundat.

714 1927 791 2007 ΙΙΙ.

275 2095 393 2160 Tertio·
405 2095 480 2184 loco¹
496 2093 545 2158 ad·
561 2092 822 2176 grammatici
845 2091 932 2156 illius
947 2091 1222 2176 interpolationes,
1243 2113 1325 2176 quae

191 2198 285 2280 longe
307 2196 480 2263 maximam
501 2181 686 2262 iteratorum
702 2201 826 2280 partem
842 2193 995 2276 efficiunt,
1022 2193 1226 2263 accedamus.
1265 2195 1327 2274 Qui

191 2300 409 2366 recensionem
431 2299 607 2365 carminum
622 2299 669 2363 ita
684 2297 790 2364 facere
806 2297 938 2380 studuit,
958 2304 993 2362 ut
1008 2299 1060 2364 vel
1075 2299 1327 2382 argumentatio-

190 2422 262 2468 nem
285 2407 419 2484 augeret
434 2407 621 2485 argumento
637 2400 757 2483 aliquo,
784 2420 846 2482 quo
862 2401 945 2465 alias
961 2406 1058 2484 poeta
1073 2419 1151 2466 usus
1168 2408 1245 2481 erat,
1273 2403 1327 2467 vel

190 2503 334 2586 insignes
364 2505 452 2569 locos
480 2509 641 2588 repeteret
663 2509 719 2568 aut
741 2502 783 2567 ad
806 2522 860 2568 eos
883 2509 1057 2568 revocaret.
1105 2502 1175 2580 Quo
1197 2504 1327 2586 ingenio

130 2629 134 2634 ·
190 2606 285 2672 fuerit
307 2627 432 2689 quaque
455 2612 526 2671 arte
544 2625 627 2670 osus
643 2605 694 2688 sit,
720 2605 754 2670 in
770 2605 850 2690 ipsis
866 2606 945 2670 locis
962 2606 1137 2672 tractandis
1155 2626 1328 2689 coguosce-

192 2729 276 2774 mus:
302 2729 356 2774 eos
380 2708 465 2774 enim
488 2715 672 2774 constanter
695 2698 980 2792 comprehendam,
1015 2728 1055 2774 ex
1084 2708 1200 2792 quibus
1222 2709 1327 2776 simile

191 2813 260 2878 eius
283 2813 451 2878 eonsilium
474 2819 641 2896 appareat.
688 2811 738 2878 De
761 2831 900 2896 persona
922 2831 997 2878 vero
1021 2811 1090 2878 eius
1113 2832 1151 2878 ac
1174 2813 1328 2898 tempori-

190 2915 250 2980 bus
271 2915 305 2978 id
328 2915 431 2979 solum
460 2913 524 2979 dici
553 2919 673 2998 potest,
708 2933 781 2978 eum
810 2920 885 2979 ante
915 2914 1054 2979 Gellium
1083 2915 1194 2980 fuisse.
1243 2917 1327 2980 Nam

190 3036 301 3082 versus
317 3017 371 3099 IV,
393 3019 554 3095 art-29,
579 3036 659 3099 quos
682 3017 723 3082 ab
747 3037 784 3082 eo
808 3037 848 3082 ex
871 3023 961 3082 sexto
977 3017 1059 3082 libro
1075 3017 1159 3082 falso
1175 3018 1327 3102 repetitos

191 3138 263 3184 esse
277 3140 333 3202 pg.
353 3121 392 3183 73
409 3117 644 3199 demonstrabo,
668 3119 734 3186 iam
749 3119 789 3184 ab
805 3119 862 3184 illo
877 3119 911 3183 in
927 3126 1037 3202 quarto
1052 3119 1134 3185 libro
1149 3120 1224 3186 lecti
1239 3128 1323 3186 sunt.

276 3221 352 3286 Fuit
372 3221 428 3286 ille
451 3220 591 3304 quidem,
618 3221 681 3287 uisi
703 3221 808 3302 fallor,
835 3241 917 3286 unus
940 3241 982 3287 ex
1004 3221 1061 3302 eis,
1088 3221 1142 3306 qui
1157 3222 1327 3288 Frontonis

191 3329 297 3406 partes
321 3323 422 3388 secuti
445 3323 624 3407 priscorum
653 3323 844 3407 scriptorum
867 3323 1052 3390 Latinorum
1082 3323 1181 3390 libros
1211 3346 1328 3410 magno

191 3423 295 3489 studio
324 3444 487 3509 parvoque
520 3425 651 3508 ingenio
681 3427 832 3492 colerent.
880 3425 943 3504 Qui
977 3433 1013 3491 ut
1041 3427 1075 3491 in
1104 3427 1172 3495 suis
1202 3429 1329 3513 scriptis

191 3533 332 3592 ueterum
355 3527 527 3593 dictionem
548 3527 767 3611 imitabantur,
793 3529 840 3594 ita
861 3529 894 3593 in
921 3529 1002 3615 ipsis
1032 3549 1141 3596 eorum
1164 3530 1254 3596 libris
1277 3551 1330 3597 re-

134 3719 136 3723 ·
191 3629 370 3710 censendis,
397 3631 474 3712 quid
488 3629 549 3696 hoc
564 3630 692 3696 dicendi
706 3651 824 3716 genere
848 3633 1016 3716 pollerent,
1038 3631 1234 3716 periclitatos
1258 3653 1330 3700 esse

191 3732 304 3796 mirum
326 3752 389 3797 non
413 3739 463 3800 est
485 3734 510 3818 ).

257 3905 274 3967 ¹)
296 3903 340 3956 Ex
357 3919 461 3972 genere
480 3903 592 3959 dicendi
605 3905 635 3958 in
647 3905 911 3974 interpolationibus
924 3906 960 3961 ab
972 3907 1035 3975 ipso
1047 3905 1175 3962 adhibito
1188 3907 1223 3960 de
1236 3912 1329 3961 aetate

189 3990 363 4056 grammatici
380 3991 451 4044 nihil
469 3991 539 4045 certi
558 3995 652 4058 potest
669 3991 773 4058 colligi.
806 3990 942 4045 Nimirum
961 3992 1046 4047 etiam
1059 3991 1100 4046 eis
1112 3992 1191 4057 locis,
1212 3992 1260 4047 ubi
1274 4007 1329 4046 non

190 4079 266 4129 totos
277 4091 376 4130 versus
389 4076 572 4131 Lucretiauos
585 4076 661 4130 nulla
674 4077 828 4131 mutatione
841 4075 918 4132 facta
930 4075 1002 4132 falso
1014 4077 1140 4142 inseruit,
1162 4079 1213 4132 sed
1231 4094 1266 4132 ex
1278 4094 1329 4132 suo

190 4161 303 4229 ingenio
320 4177 410 4230 pauca
428 4163 546 4224 addidit,
568 4163 732 4232 plerumque
744 4163 921 4218 Lucretianis
939 4164 1035 4219 verbis
1052 4151 1120 4218 usus
1139 4169 1191 4218 est.
1224 4163 1329 4218 Tamen

190 4245 235 4300 bis
252 4263 303 4301 sua
321 4253 421 4317 sponte
439 4247 611 4318 antiquiores
630 4247 733 4303 formas
750 4249 861 4316 posuit:
882 4249 904 4314 1,
920 4251 969 4301 672
987 4249 1108 4318 proillio
1126 4250 1239 4318 scripsit
1251 4250 1328 4308 otlr'cr
1366 4271 1370 4278 ·

189 4330 238 4396 IV,
259 4334 291 4384 53
310 4349 366 4389 vox
384 4334 453 4386 cluet
469 4335 589 4402 priscam
607 4334 775 4389 latinitatem
795 4335 877 4405 sapit.
