3312 5280
645 449 862 511 ..63-

189 632 249 696 bus
271 631 311 698 de
338 632 404 714 eis,
438 633 492 716 661
521 653 624 699 rerum
655 635 843 701 caelestium
872 634 1092 718 magnitudine
1122 636 1281 720 perterriti
1305 658 1325 702 a

190 733 322 799 rectiora
344 734 383 800 de
399 735 517 800 mundo
533 736 692 802 sententia
707 736 750 802 ad
765 738 913 821 antiquas
931 738 1103 820 religiones
1120 737 1319 820 reducuntur,

189 837 366 921 exponitur,
385 837 418 902 16
435 839 604 922 prooemiis
619 839 752 905 duorum
768 859 803 905 sa
819 839 1047 924 excipientium
1063 840 1214 905 librorum
1229 861 1324 926 repe-

189 941 263 1007 titos
286 961 358 1008 esse
380 961 474 1006 nemo
496 942 696 1022 infitiabitur,
721 963 911 1026 omnesque,
942 944 997 1025 qui
1020 963 1075 1010 eos
1095 951 1232 1027 utroque
1254 946 1324 1012 loco

189 1043 397 1127 retinuerunt,
424 1065 444 1109 a
467 1051 550 1110 statu
574 1045 750 1111 carminum
773 1065 793 1110 a
815 1052 910 1130 poeta
931 1065 995 1110 uon
1017 1046 1173 1130 perpolito
1196 1048 1324 1131 culpam

188 1146 393 1230 repetierunt.
440 1147 509 1213 Nec
532 1154 641 1214 tamen
655 1148 834 1230 -quisquam
866 1147 1038 1230 dubitavit,
1073 1148 1150 1230 quin
1179 1150 1220 1214 ab
1250 1149 1321 1233 ipso

188 1256 284 1334 poeta
305 1257 436 1332 utroque
459 1251 529 1316 loco
552 1250 661 1334 scripti
677 1257 795 1328 essent,
822 1257 951 1334 praeter
970 1271 1069 1316 unum
1084 1251 1320 1330 Neumanuum,

189 1353 240 1417 aui
262 1359 387 1433 tamen,
421 1352 507 1434 quod
528 1353 599 1438 ipse
622 1353 803 1436 profitetur,
837 1360 950 1419 neutro
976 1355 1046 1420 loco
1068 1354 1323 1438 interpolationis

190 1455 308 1520 indicia
331 1454 484 1538 indagare
507 1455 650 1538 contigit.
691 1455 772 1521 Sunt
791 1462 898 1523 autem
915 1457 1019 1541 sigua,
1046 1457 1130 1523 unde
1145 1457 1324 1541 perspicia-

191 1566 241 1623 tur
269 1578 324 1624 eos
353 1559 386 1623 in
412 1565 504 1624 sexto
527 1558 608 1624 libro
632 1561 716 1625 male
747 1579 782 1626 se
812 1560 943 1626 habere.
989 1561 1102 1644 Neque
1132 1581 1204 1625 cum
1233 1560 1324 1626 Neu-

190 1682 305 1726 166666
327 1661 362 1725 16
393 1681 431 1727 66
460 1662 641 1744 consentio,
675 1662 812 1729 fortasse
835 1663 869 1727 in
896 1670 987 1729 sexto
1010 1663 1090 1728 libro
1113 1663 1187 1728 illos
1210 1682 1323 1729 versus

190 1765 314 1848 spurios
337 1784 420 1846 esse,
447 1764 522 1846 quia
544 1764 584 1844 ei,
611 1765 666 1846 qui
689 1763 929 1849 praecederent,
1007 1779 1010 1784 ’

365 1877 496 1951 quoram
518 1889 646 1950 operam
668 1889 779 1931 causac
800 1867 889 1932 nullu
911 1867 1033 1932 ratione
1056 1866 1161 1930 6161666

358 1979 494 2053 possunt
515 1993 552 2034 ac
561 1970 646 2053 fieri
665 1970 770 2034 divino
793 1969 917 2034 6666166
939 1978 1059 2034 rentur.

189 2073 371 2158 interpolati
386 2079 505 2138 essent.
546 2073 617 2150 Qua
632 2072 673 2138 de
688 2092 722 2138 re
733 2091 926 2154 quamquam
947 2092 1041 2138 nemo
1057 2078 1131 2155 post
1145 2072 1323 2137 Bentlaium

190 2184 222 2241 et
236 2176 476 2241 Lachmannum
498 2175 564 2240 iam
586 2175 756 2255 dubitabit,
783 2182 891 2240 tamen
912 2174 993 2240 nihil
1008 2174 1083 2240 inde
1098 2174 1261 2258 proficitur
1282 2174 1324 2239 ad

191 2299 245 2343 eos
275 2278 330 2360 661
359 2285 536 2360 sequuntur
565 2297 678 2343 versus
708 2277 928 2362 depellendos.
968 2277 1015 2343 Ac
1036 2277 1172 2361 primum
1196 2277 1324 2358 quidem

190 2379 427 2447 concedendum
451 2386 509 2460 est,
535 2380 779 2462 grammaticam
802 2380 956 2446 rationem
980 2379 1008 2444 si
1030 2386 1223 2462 spectemus,
1251 2381 1324 2444 nul-

191 2485 254 2547 lam
278 2482 450 2548 extrariam
480 2481 689 2547 offensionem
713 2502 753 2547 ex
782 2481 847 2547 illis
870 2501 984 2547 novem
1006 2482 1152 2547 versibus
1175 2481 1209 2545 in
1232 2489 1323 2547 sexto

190 2587 269 2652 libro
292 2586 367 2651 oriri
390 2585 501 2651 uideri.
548 2587 660 2668 116666
687 2585 723 2650 id
752 2592 876 2650 tantum
899 2583 1117 2667 quaerendum
1141 2584 1217 2666 erit,
1248 2604 1324 2648 num

191 2688 419 2754 sententiarum
436 2687 639 2753 cohaerentia
654 2688 701 2775 eis
717 2688 927 2770 perturbetur.
967 2689 1112 2771 Apparet
1127 2693 1234 2752 autem
1250 2707 1323 2752 ver-

192 2811 260 2857 sum
284 2795 322 2854 67

359 2915 419 2978 quo
441 2893 543 2976 muyt'c
566 2901 707 2956 errantes
730 2915 823 2956 caeca
845 2892 966 2956 ratione
978 2893 1136 2978 feruutur

190 2996 303 3061 idoneo
326 3015 423 3061 sensu
446 3015 572 3076 carere,
600 2995 627 3060 si
655 2995 699 3060 ad
722 3014 777 3060 eos
800 2995 972 3078 pertineat,
999 2994 1053 3077 661
1079 2995 1160 3060 1666
1183 2993 1324 3061 didicere

191 3100 267 3164 deo's
283 3119 429 3165 securum
444 3118 541 3182 agere
557 3119 682 3164 aevom.
721 3098 804 3163 Nam
828 3098 858 3162 ei
873 3097 927 3180 661
944 3097 1047 3162 sciunt
1062 3096 1139 3162 deos
1154 3098 1276 3162 nullam
1291 3099 1325 3162 in

192 3203 309 3267 mundo
331 3201 473 3286 regendo
496 3221 626 3286 operam
643 3203 812 3283 collocare,
839 3201 908 3266 sine
923 3200 1019 3266 dubio
1040 3206 1160 3266 rectam
1175 3206 1323 3265 naturam

191 3305 402 3388 cognoscendi
424 3305 511 3370 viam
540 3304 679 3387 ingressi
701 3311 808 3370 eraut:
851 3303 878 3368 si
905 3303 946 3368 ad
975 3303 1128 3387 pristinas
1151 3303 1324 3386 religiones

193 3408 393 3488 reducuntur,
413 3414 522 3473 errant
540 3407 589 3472 illi
604 3406 743 3489 quidem,
770 3426 873 3489 neque
888 3414 997 3472 tamen
1019 3429 1058 3470 eo
1081 3405 1204 3490 magis
1226 3426 1324 3473 caeca

191 3513 313 3576 ratione
335 3511 488 3587 feruntur,
514 3509 664 3593 quoniam
680 3515 776 3574 antea
792 3529 890 3574 caeca
904 3509 1027 3596 ratione
1046 3528 1110 3573 non
1125 3509 1320 3574 terebantur.

192 3615 289 3679 Recte
312 3633 347 3679 se
369 3613 491 3679 habent
505 3613 604 3678 verba
627 3634 688 3696 quo
703 3611 803 3695 maqic
822 3635 848 3675 e.
869 3633 898 3694 6.
917 3633 957 3691 c,
984 3610 1012 3676 si
1027 3610 1173 3676 versibus
1196 3615 1322 3674 50-55

191 3715 379 3782 succedunt:
421 3715 586 3796 mortales,
620 3735 692 3780 cum
714 3713 840 3798 pavidis
863 3713 1023 3778 mentibus
1047 3732 1145 3796 saepe
1168 3712 1319 3796 pendent,

191 3839 285 3884 caeca
307 3817 430 3883 ratione
459 3817 602 3882 feruntur
630 3823 727 3899 atque
754 3815 796 3881 ad
823 3822 940 3881 terram
970 3814 1116 3899 depressi
1142 3815 1325 3898 ignorantia

190 3941 359 3988 causarum
396 3927 552 4004 coguntur
585 3920 692 3984 omnia
723 3919 765 3985 ad
793 3919 932 3984 deorum·
961 3937 1095 4000 regnum
1128 3917 1319 3983 concedere:

191 4024 368 4107 quodcum
393 4023 523 4106 faciunt,
550 4042 588 4087 eo
611 4022 715 4105 magis
738 4041 836 4088 caeca
857 4021 980 4087 ratione
1003 4021 1156 4085 feruntur.

276 4126 401 4192 Deinde
416 4145 617 4209 quaeramus,
644 4145 707 4206 quo
725 4145 900 4209 pronomen
916 4124 1042 4208 quaein
1058 4126 1098 4188 68
1121 4121 1324 4189 referendum

191 4231 242 4295 sit.
282 4231 367 4294 Nam
384 4229 411 4295 si
428 4232 554 4293 58-66
569 4228 776 4312 praecedunt,
803 4247 907 4311 neque
922 4227 966 4292 ad
980 4247 1121 4311 6666666
1141 4227 1200 4310 (60)
1221 4243 1324 4308 66666

191 4332 325 4415 adquae
345 4333 405 4416 (61)
427 4331 586 4415 pertinere
602 4338 715 4414 potest.
758 4330 792 4395 Si
816 4329 858 4394 ad
879 4329 1026 4414 antiquas
1041 4328 1205 4412 religiones
1220 4329 1325 4412 respi-
