3312 5280
526 1217 976 1317 ranunculum

279 1477 334 1574 De
357 1510 503 1574 versibus
522 1509 555 1574 in
571 1510 712 1574 Lucretii
735 1510 876 1575 carmine
899 1513 1053 1595 repetitis,
1080 1515 1135 1595 qui
1159 1514 1325 1579 offendunt

189 1631 285 1695 etiam
308 1650 391 1711 eum,
419 1630 471 1712 qui
494 1629 609 1695 leviter
630 1629 664 1693 id
687 1637 809 1712 tangat,
837 1631 928 1695 multi
944 1631 1051 1697 adhuc
1066 1633 1224 1698 dixerunt.
1265 1635 1325 1698 At-

188 1771 249 1832 que
264 1756 340 1815 ante
355 1750 598 1816 Lachmannum
621 1750 654 1814 in
676 1770 731 1816 ecs
747 1750 925 1815 accuratius
940 1751 1106 1834 inquisivit
1121 1753 1276 1835 Forbiger
1291 1753 1324 1816 iu

189 1870 412 1936 dissertatione
427 1869 590 1953 Lipsiensi
613 1891 642 1936 a.
673 1873 766 1934 1824.
807 1869 909 1969 Quem
927 1871 960 1934 in
976 1873 1084 1936 multis
1100 1893 1224 1937 errasse
1247 1893 1324 1937 con-

188 1996 377 2056 sentaneum
392 1996 451 2072 cst,
478 1990 629 2072 quoniam
646 1991 872 2056 Lachmannus
893 1991 1013 2075 primus
1029 1992 1191 2075 principia
1206 1991 1325 2058 criscos

8 2163 15 2176 .
87 2207 91 2212 Ι
190 2111 399 2176 Lucretianac
422 2111 538 2176 docuit.
579 2111 644 2176 Sed
667 2112 700 2175 in
723 2112 770 2177 eis
792 2133 929 2194 quoque,
956 2119 1037 2194 quac
1060 2113 1114 2178 ille
1129 2119 1215 2178 recte
1230 2113 1321 2193 vidit,
1449 2149 1452 2154 ·

189 2253 240 2298 me
262 2232 343 2297 meis
365 2232 563 2314 argumentis
586 2232 746 2297 confidere
769 2234 865 2298 malle
889 2254 984 2315 quam
1010 2233 1097 2298 illius
1120 2233 1320 2313 auctoritate,

189 2353 376 2436 quicumque
385 2351 584 2417 Lachmanni
596 2353 857 2418 commentarium
870 2354 1054 2436 perlegerit,
1070 2376 1133 2419 non
1146 2355 1322 2420 mirabitur.

275 2472 501 2537 Lachmannus
523 2471 594 2556 ipse
618 2479 650 2538 ct
672 2493 712 2537 aa
734 2473 865 2553 iterata,
893 2493 974 2555 quae
1005 2474 1205 2538 librariorum
1228 2475 1325 2558 culpa

188 2594 222 2657 in
244 2599 366 2657 textum
388 2593 595 2677 irrepserunt,
622 2593 756 2657 removit
772 2599 804 2657 et
825 2594 918 2676 plura
934 2594 975 2658 ab
994 2593 1121 2658 homine
1136 2594 1170 2657 in
1185 2594 1325 2659 Lucretii

189 2715 329 2780 carmine
345 2713 424 2779 satis
440 2720 578 2794 versato,
602 2714 668 2779 alia
683 2714 756 2779 aliis
772 2714 813 2778 de
829 2715 936 2779 causis
952 2715 984 2778 in
1000 2698 1145 2798 margine
1161 2714 1325 2799 adscripta

189 2853 262 2898 csse
285 2833 440 2911 ostendit;
468 2833 584 2898 deinde
607 2854 705 2897 unum
727 2835 923 2918 prooemium
946 2835 1050 2917 quarti
1073 2835 1154 2916 libri,
1181 2835 1266 2916 quod
1284 2856 1324 2900 cx

188 2953 335 3018 versibus
350 2955 376 3035 Ι,
396 2957 546 3018 926-50
562 2954 733 3038 repetitum
757 2961 817 3037 cst,
844 2955 885 3020 ab
908 2954 1068 3020 »editore«
1092 2955 1242 3020 carminis
1265 2954 1325 3019 ad-

188 3073 289 3138 ditum
313 3092 385 3138 esse
408 3075 551 3138 coniecit.

274 3193 471 3278 Bemaysius
501 3194 586 3276 quod
611 3195 644 3258 in
673 3194 755 3258 Mus.
782 3193 884 3258 Rhen.
912 3199 942 3276 5,
969 3199 1031 3257 574
1061 3193 1188 3259 dixerat
1218 3194 1326 3258 omnia

187 3313 304 3378 iterata
325 3314 410 3378 male
434 3313 467 3377 iu
490 3319 611 3379 textum
633 3314 755 3379 inserta
777 3333 864 3394 esse,
890 3320 963 3398 post
985 3313 1183 3378 Lachmanni
1210 3313 1325 3378 editio-

188 3453 261 3498 nem
283 3433 441 3499 abiecisse
463 3434 591 3500 videtur
613 3434 672 3511 eis,
690 3433 753 3500 uisi
776 3433 879 3514 fallor,
906 3435 1024 3515 causis,
1051 3435 1167 3516 quibus
1182 3434 1239 3498 ille
1255 3454 1325 3498 car-

189 3555 275 3619 mina
297 3555 486 3639 imperfecta
508 3574 581 3620 csse
603 3575 706 3637 neque
733 3576 753 3619 a
780 3561 876 3638 poeta
905 3555 975 3638 ipso
1004 3555 1092 3619 edita
1119 3556 1323 3638 probaverat,

188 3682 375 3754 commotus,
402 3682 437 3740 ut
459 3676 573 3741 iterata
595 3695 721 3757 quoque
742 3674 776 3738 in
799 3675 846 3740 eis
870 3674 984 3758 signis,
1009 3695 1050 3739 ex
1067 3675 1181 3756 quibus
1196 3682 1325 3759 poetam

188 3814 268 3878 opus
301 3815 366 3860 non
399 3796 578 3862 absolvisse
611 3795 818 3878 intellegitur,
855 3795 1055 3860 numeranda
1085 3814 1158 3860 csse
1185 3801 1322 3878 putaret.

188 3914 290 3991 Quam
315 3917 504 3982 sententiam
528 3923 559 3981 ct
574 3916 738 3980 Muuroius
761 3915 830 3980 sine
853 3916 949 3980 dubio
972 3915 1173 3999 amplectitur
1195 3922 1228 3979 et
1245 3916 1325 3978 Pur-

187 4055 325 4100 mauuus
341 4036 485 4119 pluribus
501 4057 630 4102 suarum
646 4033 878 4112 Quaestionum
891 4034 1151 4098 Lucretianarum
1169 4034 1322 4110 (Lauban.

192 4157 284 4220 1858.
307 4159 399 4220 1860.
427 4157 554 4222 Cottab.
576 4157 667 4239 1867)
694 4155 774 4221 locis
797 4162 829 4221 ct
850 4155 913 4220 iam
930 4161 1027 4220 antea
1041 4155 1075 4219 in
1090 4154 1197 4219 libello
1220 4155 1325 4219 »Neue

189 4277 338 4361 Beitrlige
368 4299 424 4342 zur
450 4278 559 4342 Kritik
588 4277 645 4342 des
668 4276 858 4342 Lucretius«
888 4275 1041 4358 inscripto
1074 4275 1200 4356 (Numb.
1230 4277 1321 4359 1849)

188 4398 438 4475 commendavit,
472 4406 508 4464 ut
536 4399 589 4464 vel
619 4398 817 4482 prooemium
845 4397 950 4479 quarti
979 4395 1052 4460 libri
1081 4417 1101 4460 a
1129 4403 1225 4480 poeta
1251 4416 1326 4478 pro-
