3312 5280
645 429 859 491 ...27-

186 618 255 684 veri
278 616 473 682 simillimum
496 622 547 680 est
568 634 625 681 eos
647 614 700 681 hic
723 635 795 680 eum
818 615 964 699 pluribus
978 616 1203 684 intercidisse?
1238 617 1321 684 Nam

186 720 283 786 etiam
306 720 416 804 plures
437 717 639 783 intercidisse
669 723 821 802 apparet,
855 718 1114 801 quandoquidem
1143 741 1247 805 neque
1275 723 1322 788 611

186 822 332 888 versibus
355 821 493 906 protasis
515 839 666 885 versuum
685 823 852 884 1014-20
869 822 1047 905 suppletur,
1074 830 1107 888 et
1125 823 1155 889 ei
1170 824 1232 908 ipsi
1246 845 1340 912 pro-¹

187 925 249 990 tasi
277 924 502 1004 6616111116
524 943 588 1005 qua
609 924 701 988 nulla
729 943 800 989 cum
829 925 985 1008 proximis
1014 925 1193 992 coniunctio
1221 933 1318 1009 esset,

186 1027 277 1111 quali
299 1034 406 1092 tamen
430 1026 596 1092 Lucretius
618 1025 700 1091 alias
722 1032 905 1092 constanter
926 1027 1035 1092 utitur.

272 1129 365 1194 Nunc
405 1135 631 1211 argumentum
667 1149 817 1195 versuum
854 1129 886 1209 Ι,
930 1132 1012 1194 1008
1026 1167 1071 1178 -
1086 1135 1123 1194 51
1171 1131 1322 1215 expedire

186 1233 335 1299 conabor.
361 1231 433 1308 Qua
447 1232 481 1296 in
497 1251 531 1296 re
546 1237 699 1314 quantum
712 1231 872 1297 Guilelmo
884 1231 1158 1298 Hoerschelmann
1171 1233 1318 1312 debeam,
1369 1251 1372 1256 ·

186 1334 359 1420 perspiciet
381 1333 574 1416 quicumque
597 1353 651 1414 ea,
679 1353 763 1416 qua-e
784 1335 842 1399 1116
864 1334 904 1398 dc
925 1335 1072 1400 versibus
1098 1338 1265 1400 1008-13
1289 1338 1322 1402 in

187 1437 356 1505 Obseruat.
388 1437 516 1502 Lucret.
549 1437 605 1501 611.
644 1437 900 1520 (Lipsiae1877)
928 1457 983 1521 pg.
1010 1441 1322 1524 23-9prae01a1e
1355 1495 1357 1498 .

185 1539 373 1625 disputavit,
399 1539 527 1622 legerit,
552 1559 635 1622 quae
657 1539 786 1623 quidem
809 1539 937 1605 novisse
958 1560 1092 1606 necesse
1115 1547 1173 1624 est,
1200 1543 1228 1608 si
1251 1543 1322 1625 quis

186 1642 228 1708 ad
250 1643 334 1708 hunc
355 1643 461 1707 locum
482 1641 615 1707 accedet
629 1661 734 1724 neque
749 1648 926 1708 ceterorum
940 1643 1148 1728 interpretum
1165 1645 1323 1711 erroribus

186 1764 303 1810 61616
326 1743 435 1810 diduci
456 1745 553 1810 volet.
601 1744 680 1809 Inde
702 1764 722 1808 a
748 1747 829 1808 1008
852 1744 950 1828 igitur
966 1745 1131 1812 Lucretius
1154 1747 1322 1830 1166131-

186 1854 362 1914 mentatur:
401 1847 449 1912 Ne
472 1847 544 1931 ipsa
567 1846 695 1928 quidem
716 1867 821 1912 rerum
846 1867 971 1913 summa
986 1848 1113 1914 modum
1131 1850 1193 1915 sibi
1208 1871 1323 1934 parare

186 1957 307 2036 potest:
340 1951 425 2033 quod
454 1957 571 2016 natura
593 1950 793 2034 prohibetur,
824 1951 916 2016 cuius
939 1953 1012 2034 iege
1033 1971 1150 2036 corpus
1172 1960 1205 2026 61
1225 1953 1322 2020 inane

187 2073 313 2138 semper
341 2073 376 2119 se
406 2053 580 2137 excipiunt,
606 2053 736 2118 utfinis
760 2054 858 2119 statui
880 2061 1029 2137 nequeat.
1077 2056 1141 2120 Aut
1162 2056 1191 2121 si
1214 2075 1322 2122 sumas

185 2157 374 2222 alterutrum
396 2157 438 2221 ab
460 2157 563 2222 altero
584 2175 647 2221 non
670 2156 844 2237 terminari,
875 2163 983 2222 tamen
1005 2158 1141 2222 alterum
1164 2157 1321 2223 infinitum

186 2279 258 2326 esse
280 2278 413 2324 necesse
436 2265 496 2324 est.
545 2260 625 2342 [Iam
648 2277 723 2324 vero
746 2259 774 2324 si
797 2279 913 2343 corpus
935 2259 1104 2342 infinitum,
1129 2260 1322 2327 1116161111-

186 2368 253 2426 tum
274 2369 376 2441 esset,
403 2381 466 2426 »66
487 2367 611 2426 tantum
634 2380 783 2444 corpora,
810 2381 893 2443 quae
922 2361 1013 2428 iuxta
1041 2364 1211 2446 parvulum
1240 2363 1322 2428 illud

185 2464 282 2530 inane
303 2463 408 2548 posita
430 2470 553 2545 essent,
584 2464 704 2529 moveri
726 2471 873 2548 possent,
900 2471 1005 2530 661616
1027 2465 1138 2547 quieta
1159 2465 1317 2542 iacerent;

186 2566 273 2650 atqui
295 2587 359 2634 uon
381 2586 554 2651 perpauca,
580 2566 640 2632 sed
662 2567 768 2632 omnia
787 2586 921 2651 corpora
936 2568 1055 2633 moveri
1071 2568 1233 2647 videmus3
1257 2569 1322 2632 ita-

186 2689 249 2752 que
270 2690 342 2736 cum
364 2669 512 2738 omnibus
533 2669 630 2734 inane
652 2689 766 2754 purum
788 2669 927 2735 vicinum
950 2669 1002 2750 sit,
1028 2669 1109 2753 ipsis
1130 2669 1204 2735 iiiia
1217 2671 1324 2735 minas

187 2791 258 2838 6616
279 2771 407 2854 nequit«
415 2775 450 2856 ¹).
498 2771 556 2836 Sin
578 2771 612 2836 id
635 2771 741 2856 potius
765 2778 907 2837 statuere
924 2773 1016 2851 velis,
1040 2772 1136 2837 inane
1150 2771 1319 2855 infinitum,

186 2894 301 2960 corpus
323 2874 446 2938 finitum
469 2877 566 2957 essa]

363 2978 503 3042 nereidem
525 2979 686 3041 ostendam
708 2978 895 3060 corpuscula
916 2977 1065 3042 materiai

363 3103 401 3143 66
423 3080 546 3164 11116116
568 3101 726 3144 summam-
743 3101 849 3143 rerum
870 3101 967 3162 usqae
991 3087 1094 3143 tenere

362 3183 500 3267 undique
520 3185 643 3266 protelo
660 3184 832 3267 plaqomm
854 3183 1045 3246 6661166616.

190 3285 284 3366 {Nam
306 3285 366 3351 hoc
388 3286 450 3350 nisi
472 3286 518 3351 ita
540 3288 651 3368 esset]

260 3392 340 3452 1014
364 3411 419 3452 neo
441 3409 528 3452 mare
550 3411 605 3451 nec
630 3389 722 3452 tellus
744 3411 841 3471 aeque
863 3389 944 3452 caeli
965 3387 1071 3452 lucida
1094 3387 1211 3470 templa

362 3514 418 3554 neo
440 3492 572 3555 mortale
589 3513 691 3576 pertua
713 3513 768 3554 nec
790 3491 896 3555 divum
917 3513 1051 3574 corpora
1073 3499 1183 3556 6611616

362 3585 515 3676 eaiqaum'
526 3602 658 3676 possent
678 3593 772 3657 16161
791 3593 901 3658 emtore
924 3602 1054 3676 tempas.

188 3696 277 3760 Duas
299 3695 398 3778 igitur
423 3716 539 3761 causas
568 3702 665 3780 poeta
693 3697 806 3773 affert,
838 3716 896 3760 cur
924 3695 1074 3776 materia,
1106 3695 1171 3760 nisi
1198 3695 1323 3760 infinita

187 3804 289 3879 esset,
330 3797 488 3863 dissoluta
518 3798 552 3862 in
581 3818 698 3882 magno
727 3799 817 3863 inani
849 3797 996 3883 dispulsa
1025 3798 1171 3864 ferretur.
1226 3798 1322 3882 Apud

188 3900 364 3985 Diogenem
397 3921 493 3966 unam
527 3901 679 3984 legimus:
718 3895 870 3984 οὐδαμοῦ
900 3895 942 3967 du
971 3899 1067 3984 ἔμενε
1097 3897 1140 3965 τὰ
1170 3897 1318 3982 σώματα,

256 4160 272 4222 ¹)
305 4157 383 4212 Hanc
414 4157 581 4213 senteutiam
612 4175 629 4212 a
657 4157 790 4213 Lucretio
819 4158 1027 4228 pronuntiatam
1058 4157 1162 4223 fuisse,
1194 4158 1322 4226 quamvis

186 4243 346 4311 ambiguum
364 4253 488 4310 maneat,
509 4261 573 4299 uum
592 4243 861 4299 Hoerschelmannus
880 4251 955 4299 recte
977 4243 1142 4309 coniecerit,
1168 4250 1262 4298 tamen
1279 4259 1322 4297 61-

186 4331 422 4397 gumentotionem
441 4337 541 4399 poetae
560 4331 643 4386 simili
662 4333 745 4386 modo
764 4333 934 4402 processisse
953 4337 1059 4385 certum
1078 4335 1131 4384 est.
