3312 5280
762 444 977 504 „34-

293 633 364 698 loeo
386 631 548 697 differunt.
594 629 687 708 Quod
710 627 882 694 discrimen
904 629 1062 694 letissime
1080 635 1180 712 petet.
1219 628 1332 712 Neque
1351 631 1438 695 euim

294 735 374 801 heeo
389 741 505 819 poetae
520 734 680 799 sententie
695 739 754 811 est,
774 752 870 816 quem
886 739 996 797 nostre
1013 732 1126 815 lingue
1142 731 1188 796 sie
1204 731 1430 816 exprimimus:

294 837 398 902 »deun
426 836 553 902 obwohl
579 836 633 902 ioh
663 835 715 901 die
746 837 851 900 Netur
880 834 938 900 der
966 833 1142 920 primordie
1169 835 1260 900 nieht
1288 835 1395 902 kenne
1403 859 1432 897 «z

294 941 414 1024 qnippe
437 939 491 1022 qui
515 959 613 1024 saepe
636 940 791 1022 glorietur
812 959 910 1003 unum
933 958 969 1004 se
991 957 1064 1004 esse
1080 957 1121 1003 ex
1135 938 1201 1003 illis
1222 939 1432 1022 sapientibus,

294 1044 351 1126 qui
372 1051 520 1108 neturem
543 1063 663 1124 eorum,
690 1043 723 1107 in
746 1042 863 1125 quibus
886 1042 990 1107 omnis
1011 1061 1117 1106 rerum
1140 1041 1276 1107 scientie
1298 1042 1361 1107 site
1382 1043 1432 1122 sit,

295 1146 532 1230 perspexerint!
560 1144 654 1222 Quod
670 1165 742 1210 eum
756 1146 823 1210 iem
839 1152 936 1211 entee
950 1145 1012 1210 viri
1023 1145 1109 1210 docti
1125 1145 1313 1226 sensissent,
1333 1145 1435 1229 sigui-

294 1248 495 1314 fieentiorem
517 1268 590 1314 eem
612 1248 820 1314 mutationem
843 1255 1038 1332 putaverunt
1060 1267 1156 1330 quem
1176 1268 1258 1330 quse
1274 1247 1435 1332 adipsum

295 1358 424 1435 poetam
447 1372 512 1417 non
534 1358 620 1417 esset
642 1351 823 1417 referende.
870 1353 912 1416 At
933 1351 1011 1434 quid
1031 1351 1236 1434 signifioeret‚
1256 1371 1319 1416 non
1335 1352 1436 1418 edno-

295 1463 453 1520 teveruut.
479 1455 627 1520 Proleoto
642 1453 864 1520 desideremus
880 1474 952 1520 eum
968 1473 1109 1536 sensum,
1128 1454 1183 1536 qui
1195 1455 1235 1532 V,
1254 1458 1314 1519 195
1330 1456 1435 1522 verbis

426 1557 539 1641 quodsi
558 1557 622 1621 iam
643 1578 751 1621 rerum
774 1557 913 1641 iquorem
929 1557 1111 1639 primordia
1133 1580 1213 1641 quoe
1234 1557 1309 1635 sint,

296 1659 448 1726 efficitur:
482 1661 606 1725 »selbst
628 1659 679 1724 fflr
700 1659 765 1725 den
787 1660 878 1740 Feli,
905 1658 982 1725 dass
1004 1658 1056 1725 ioh
1078 1660 1167 1725 nieht
1188 1667 1327 1742 wtsste‚
1355 1663 1436 1728 wel·

296 1764 374 1829 ohes
397 1763 450 1828 die
473 1764 578 1828 Netur
599 1763 657 1828 der
678 1762 855 1847 primordie
883 1763 962 1827 seio.
1011 1761 1105 1840 Quod
1131 1783 1203 1828 eum
1231 1763 1435 1848 intellegeret

296 1866 470 1951 Briegerus
503 1861 871 1948 (Bursian.'Jehresber.
902 1867 999 1946 1876,
1025 1867 1089 1930 vol.
1116 1866 1175 1947 VI,
1207 1887 1259 1950 pg.
1290 1869 1374 1952 164),
1401 1875 1436 1932 ut

297 1970 379 2035 haue
407 1969 675 2054 signifieetionem
703 1969 737 2033 in
768 1969 909 2054 quemuis
937 1969 1044 2035 inesse
1071 1989 1167 2054 posse
1190 1969 1432 2047 demonstraret,

295 2073 402 2138 attulit
417 2074 484 2139 cio.
506 2073 549 2138 ed
564 2074 630 2138 Att.
656 2076 707 2149 12,
727 2075 778 2154 37,
806 2076 840 2135 2:
868 2072 1012 2156 quamvis
1021 2073 1164 2156 prudens
1180 2073 1224 2136 od
1236 2073 1434 2158 <repetundum

294 2177 348 2256 sio,
375 2176 456 2240 sieut
478 2199 521 2254 es,
547 2185 661 2253 tumen,
687 2175 751 2239 nisi
770 2197 901 2258 mupnee
923 2197 1016 2240 curae
1040 2175 1099 2238 tibi
1119 2184 1209 2251 esset,
1234 2184 1270 2240 ut
1288 2200 1344 2261 epo
1359 2199 1433 2240 eon-

295 2302 441 2363 sequerer
456 2279 501 2357 id,
527 2281 611 2364 quod
623 2301 812 2362 muqnopere
827 2278 948 2355 vetlem,
972 2301 1142 2363 enumquam
1157 2302 1194 2342 eu
1208 2301 1259 2342 res
1276 2287 1339 2344 tum
1354 2281 1433 2344 belle

296 2382 329 2443 u'n
344 2389 476 2445 mentem
493 2382 597 2445 venire
605 2381 772 2465 potuisset.
812 2381 855 2446 At
871 2381 993 2460 (licere,
1020 2403 1091 2447 eum
1107 2382 1185 2446 dicit
1200 2383 1341 2466 quumm's
1350 2405 1434 2467 pru-

296 2485 372 2547 dens
387 2484 440 2558 sis,
462 2483 496 2549 id
511 2491 598 2550 eerte
615 2485 719 2565 sumit,
746 2483 886 2549 Atticum
909 2501 982 2550 esse
1004 2484 1203 2567 prudentem,
1231 2484 1316 2567 quod
1331 2492 1364 2550 et
1378 2505 1436 2569 per

296 2607 331 2653 se
347 2588 469 2654 elerum
485 2594 535 2653 est
550 2594 582 2652 et
597 2607 637 2652 ex
648 2587 753 2653 verbis
769 2587 850 2650 siout
865 2609 897 2650 es
911 2587 1119 2670 intellegitur.
1144 2587 1197 2652 nd
1209 2587 1435 2653 Lucretianum

296 2691 399 2755 locum
425 2690 453 2755 si
482 2691 518 2755 id
544 2708 751 2770 revocemus,
783 2688 882 2770 illud,
920 2689 1006 2771 quod
1038 2689 1140 2754 noluit
1166 2689 1355 2773 Briegerus,
1392 2695 1436 2755 eit

298 2799 412 2877 poete:
441 2811 476 2858 se
498 2793 656 2875 ignorare,
683 2811 766 2873 quee
788 2792 964 2875 primordia
987 2791 1062 2857 sint.
1109 2792 1177 2874 Ego
1193 2813 1268 2858 vero
1282 2794 1353 2878 ipse
1367 2814 1436 2860 om-

297 2896 392 2961 nibus
427 2896 506 2960 locis
536 2894 693 2960 Plautinis
722 2895 925 2960 Terentienis
953 2894 1128 2959 Lucilieuis
1160 2897 1344 2979 perpensis,
1380 2897 1435 2962 ubi

300 3103 366 3188 [ed.
393 3124 448 3188 pg.
476 3106 527 3187 35]
725 3105 828 3185 (Luer.
855 3103 910 3168 lib.
936 3103 1008 3184 ΠΙ.)
1082 3113 1085 3120 ’

332 3205 564 3276 '184dem'ques'n
583 3206 722 3259 aethere
740 3224 804 3259 non
822 3207 940 3269 arbor,
960 3223 1026 3258 non
1044 3223 1190 3274 aequore
1208 3206 1300 3259 sulse

401 3284 505 3337 nubes
523 3301 592 3337 esse
611 3288 750 3352 queunt,
771 3282 962 3350 neepisees
981 3282 1094 3335 sivero
1112 3283 1147 3336 in
1164 3283 1269 3348 urvis,

401 3378 459 3414 nee
477 3379 578 3414 erutor
597 3361 631 3413 s'n
650 3360 761 3429 liquis
779 3379 886 3429 neque
903 3361 1000 3413 saxis
1018 3377 1121 3412 sucus
1139 3361 1260 3414 inesse.

401 3443 530 3492 certum
548 3454 586 3490 ae
604 3439 848 3507 dispositumst
866 3438 925 3491 ubi
940 3439 1098 3508 quicquit
1115 3445 1250 3492 creseat
1268 3445 1296 3492 et
1313 3441 1403 3494 insit.

402 3517 453 3570 sie
471 3517 581 3570 animi
597 3524 728 3570 natura
746 3516 867 3586 nequit
884 3517 957 3570 sino
975 3533 1117 3585 corpore
1135 3516 1226 3570 oriri
1387 3509 1391 3518 '

400 3595 477 3649 sola
495 3613 601 3664 neque
619 3613 636 3647 a
654 3594 772 3648 nereis
790 3599 821 3648 et
837 3595 1007 3665 sanquine
1026 3593 1180 3664 tenuiter
1198 3612 1278 3649 esse.

333 3674 383 3744 790
401 3672 484 3742 quid
499 3673 661 3742 siposset
679 3670 786 3723 enim?
805 3671 909 3724 multo
923 3672 1025 3740 prius
1043 3670 1121 3739 ipsa
1139 3673 1248 3725 animi
1263 3671 1315 3725 vis

401 3750 435 3802 s'n
453 3749 569 3820 cupite
586 3754 643 3802 aut
660 3747 788 3802 umeris
806 3754 865 3800 unt
883 3747 960 3802 imis
979 3747 1137 3802 culcibus
1155 3765 1224 3802 esse

397 3831 529 3895 posset,
551 3831 582 3879 et
599 3826 740 3880 innasci
758 3826 881 3894 quaeis
898 3826 933 3879 in
946 3830 1050 3895 purte
1067 3827 1196 3880 soleret

402 3904 536 3957 tandem
554 3903 588 3956 in
606 3906 718 3958 eodem
736 3903 866 3958 homine
884 3909 986 3972 atque
1005 3904 1039 3958 in
1057 3904 1170 3957 eodem
1188 3920 1266 3957 vase
1290 3919 1431 3956 euenere.

403 3981 664 4051 quodquoniam
682 3986 802 4034 nostro
821 3998 948 4050 quoque
967 3987 1105 4034 constet
1124 3998 1267 4050 corpore
1291 3985 1433 4041 eertum,

333 4057 383 4109 795
402 4057 678 4127 dispositumque
695 4059 836 4111 uidetur
854 4056 911 4109 sebi
928 4075 998 4111 esse
1017 4063 1049 4110 et
1068 4057 1351 4126 creseereposss't

401 4136 659 4189 sorsumans‘ma
673 4141 777 4204 etque
795 4136 943 4198 unimus,
964 4139 1060 4188 tento
1078 4135 1188 4204 stupis
1206 4132 1436 4203 infitiandum

402 4220 507 4268 totum
521 4232 622 4286 posse
640 4220 740 4268 extra
759 4231 885 4282 eorpus
904 4214 1003 4267 durare
1019 4213 1140 4281 ponique.
