3312 5280
658 429 873 489 ..57-

201 609 392 678 mordiorum
408 611 494 678 facta
508 631 549 677 no
564 631 684 695 genera
699 611 828 694 quidem
843 611 946 696 ipsius
962 612 1046 695 ignis
1059 612 1150 678 veria
1164 612 1333 677 exsistant.

186 714 282 798 ,Nam
319 735 389 780 oum
428 713 548 780 dietum
584 722 634 780 est
672 714 785 781 eadem
829 715 1004 799 primordie
1040 716 1137 800 paulo
1179 715 1264 780 inter
1300 734 1334 780 se

199 823 320 882 mutata
343 836 452 883 creare
474 817 567 900 ignes
590 825 622 884 et
644 818 776 901 lignum,
803 837 867 884 non
890 817 929 883 de
951 818 1042 884 novis
1062 817 1253 901 quibusdam
1268 817 1335 901 pri-

199 919 329 984 mordiis
357 919 515 986 addendis
536 922 588 986 vel
616 920 657 986 de
685 921 848 986 nonnullis
878 921 1046 986 demendis
1075 920 1209 1004 cogitari
1239 940 1335 1004 posse

199 1022 418 1104 numquisque
447 1021 608 1088 concedet.
656 1023 770 1108 Neque
799 1029 890 1089 textu
919 1023 1035 1089 vitiose
1064 1023 1181 1089 madito
1203 1043 1255 1090 res
1278 1044 1335 1088 ex-

199 1124 303 1190 cusari
325 1131 440 1208 potest,
467 1126 616 1208 quoniam
633 1126 667 1190 in
682 1126 761 1210 ipsis
777 1125 931 1210 proximis
947 1126 1093 1191 versibus
1115 1125 1229 1191 eadem
1251 1125 1336 1191 inest

198 1226 322 1310 ineptia
344 1229 399 1294 ubi
421 1228 518 1294 etiam
540 1227 659 1294 elarius
682 1250 703 1294 a
724 1249 759 1294 re
781 1249 820 1294 uo
841 1229 975 1298 veritate
991 1228 1143 1294 discedit:

264 1330 289 1409 1,
309 1332 371 1394 912
605 1354 665 1416 quo
684 1341 779 1414 paeto
802 1334 897 1396 cerba
919 1353 1038 1416 quoque
1059 1331 1130 1414 apso

398 1433 480 1496 iuter
501 1455 533 1498 se
550 1435 649 1516 poulo
673 1433 803 1498 metatio
824 1442 898 1498 suot
920 1433 1088 1510 elementis,

397 1557 466 1598 cum
489 1535 576 1619 lc'pcu
598 1545 692 1620 etque
714 1536 970 1620 synecdochem
993 1559 1064 1599 uoce
1086 1543 1235 1599 notemus.

285 1637 334 1702 Ex
358 1637 470 1704 eodem
492 1646 600 1704 autem
623 1639 709 1706 fonte
731 1659 843 1704 versus

667 1743 699 1822 1,
728 1744 901 1821 eur-o„

202 1841 255 1922 qui
287 1841 378 1908 initio
417 1843 530 1910 leviter
566 1849 691 1912 ‚mutato
724 1843 870 1909 versibus
907 1845 980 1908 908.
1014 1846 1045 1906 9.
1082 1847 1119 1906 10
1157 1848 1189 1907 et
1227 1860 1337 1906 eorum

201 1944 379 2028 exemplari
401 1945 445 2024 II,
473 1949 565 2012 1007.
593 1947 623 2010 8.
649 1949 680 2010 9.
706 1965 803 2030 pares
825 1951 916 2026 sunt,
942 1944 1075 2010 fluxisse
1101 1943 1179 2008 mihi
1201 1962 1336 2027 persua-

203 2063 273 2114 sum
295 2053 355 2112 est.

288 2148 395 2214 Etiam
407 2148 459 2216 hio
471 2149 606 2216 offendit
616 2149 802 2216 adverbium
814 2173 918 2234 saepe.
944 2149 1336 2232 Cormptelaveropoetae

203 2251 369 2316 verborum
392 2251 419 2316 si
443 2252 603 2333 statuitur,
630 2252 672 2317 ad
695 2259 838 2338 tempora
860 2251 1074 2318 remotissima
1089 2250 1239 2335 pertinet,
1258 2269 1336 2330 quo-

202 2353 296 2432 niam,
317 2354 344 2418 si
362 2356 488 2418 817--9
505 2355 697 2422 Lucretiana
711 2362 796 2437 sunt,
814 2355 870 2420 ille
885 2354 1106 2438 interpolator,
1121 2352 1176 2435 qui
1188 2355 1336 2416 907-14

204 2455 350 2536 inseruit,
377 2457 446 2521 sine
469 2456 565 2522 dubio
588 2457 620 2522 in
644 2477 702 2523 suo
724 2457 900 2542 exemplari
922 2479 1015 2539 saepe
1037 2455 1126 2540 legit.
1175 2454 1240 2521 Sed
1262 2473 1338 2519 oon-

203 2558 381 2626 eedendum
394 2566 443 2624 est
455 2560 597 2643 potuisse
608 2561 698 2626 illam
710 2561 925 2644 corruptelam
936 2559 1001 2625 iam
1012 2559 1109 2642 paulo
1120 2557 1338 2642 postLuoretii

204 2668 335 2725 mortem
358 2661 390 2725 in
414 2668 535 2727 textum
557 2663 751 2728 immanere:
785 2670 892 2727 tamen
915 2682 1010 2746 spero
1033 2660 1218 2727 certioribus
1241 2679 1339 2742 argu-

208 2763 321 2828 mentis
344 2765 513 2847 probatum
529 2765 568 2829 iri
591 2786 612 2831 a
634 2786 695 2846 me,
722 2785 832 2831 versus
852 2767 979 2830 illl-9
996 2765 1036 2829 ab
1053 2764 1196 2828 hocloco
1212 2763 1340 2828 dissen-

206 2866 276 2935 tire.
316 2867 443 2932 Etenim
466 2868 493 2934 si
516 2875 664 2934 accurato
686 2867 928 2945 attenderimus,
953 2868 1031 2950 quid
1045 2868 1088 2933 sit
1102 2873 1212 2948 meque·
1225 2868 1337 2951 refert,

205 2990 278 3050 punc
300 2978 401 3034 motus
424 2971 531 3034 eudem
547 2971 727 3052 primordia
755 2971 838 3035 inter
859 2993 892 3034 se
915 2971 989 3034 dent
1018 2969 1254 3054 occepiautqee,
1286 2969 1339 3032 in-

205 3071 392 3155 tellegemus
408 3078 526 3140 certum
541 3072 700 3155 quendam
712 3072 961 3158 primordiorum
977 3072 1187 3156 complexum,
1213 3071 1248 3135 in
1263 3089 1335 3152 quo,

206 3173 234 3238 si
256 3175 452 3258 singulorum
476 3175 720 3259 primordiorum
735 3183 838 3241 motus
857 3179 1028 3254 mutantur,
1054 3173 1088 3238 id
1102 3172 1225 3256 aliquid
1240 3172 1336 3236 valet.

205 3278 247 3344 At
268 3277 301 3342 in
324 3297 420 3344 versu
442 3278 468 3358 I,
496 3279 558 3342 820

312 3402 444 3464 numque
466 3382 598 3445 ecdem
620 3381 740 3444 eaelum
761 3402 848 3445 mure
872 3389 974 3444 terreo
984 3380 1125 3466 flumine
1145 3379 1240 3442 solem

312 3483 504 3547 constituunt
896 3498 897 3502 ’

206 3605 378 3670 pronomen
401 3587 508 3650 eadem
529 3606 592 3653 non
615 3592 720 3671 potest
742 3586 855 3652 referri
877 3586 920 3652 ad
941 3592 1061 3652 eertum
1076 3583 1237 3668 quendam
1253 3602 1340 3648 com-

204 3688 333 3772 plexum
350 3687 603 3772 primordiorum,
629 3688 779 3774 quoniam
802 3688 836 3754 id
850 3695 975 3754 tantum
992 3687 1112 3754 dictum
1127 3693 1187 3766 est,
1213 3684 1341 3768 singula

206 3789 379 3874 primordia
401 3791 492 3856 caelo
514 3791 595 3856 mari
617 3791 711 3858 terris
734 3790 914 3857 communie
935 3810 1008 3858 esso
1030 3809 1102 3856 oum
1130 3786 1204 3854 aliis
1232 3792 1341 3852 tamen

205 3892 386 3958 commista.
435 3892 561 3958 Deinde
584 3892 616 3956 hi
639 3913 752 3958 versus
773 3913 811 3959 eo
832 3893 918 3974 loco,
952 3892 1037 3958 unde
1067 3889 1226 3973 desumpti
1254 3893 1337 3968 sunt,

206 4001 325 4060 certam
348 3993 508 4076 quandum
532 3995 692 4061 notionem
714 3995 848 4079 habent,
875 4016 939 4078 qua
961 3995 995 4058 in
1017 3993 1119 4080 pn‘mo
1142 3993 1224 4057 libro
1246 3990 1342 4074 positi

206 4117 363 4166 essenon
386 4103 537 4182 possunt:
563 4099 605 4179 11,
635 4101 781 4162 loos-9

360 4201 433 4264 iude
455 4201 528 4264 alito
549 4201 639 4264 eliud
659 4201 866 4285 couiuupitcr,
892 4199 980 4284 etfit
1001 4208 1037 4264 ut
1059 4220 1162 4264 omnes

361 4326 411 4368 res
433 4303 480 4368 ita
502 4312 685 4368 conuertunt
697 4305 829 4389 formes
851 4311 1030 4387 mutentque
1053 4303 1170 4366 colores
