3312 5280
787 411 1000 469 ..44-

323 604 494 665 recreatur.
541 598 583 662 At
605 596 648 677 id,
665 595 760 678 'quod
783 595 856 660 huic
879 595 1058 662 sententiae
1073 596 1170 680 plano
1186 596 1379 662 contrarium
1399 605 1458 680 est,

322 703 356 766 in
378 701 524 768 versibus
547 699 585 780 V,
613 701 687 763 322.
714 703 733 763 3
756 699 888 781 legitur:
1247 706 1250 713 ·

452 824 526 867 oum
549 802 761 886 quodcumque
783 800 865 864 ulica
887 823 925 864 ec
947 822 979 863 se
1002 823 1051 864 res
1074 809 1168 885 capet
1189 800 1318 885 alitque,

452 904 592 968 deminui
612 905 710 968 debet.
1288 979 1293 990 Ι

323 1011 429 1091 Atque
452 1008 494 1074 ad
518 1026 716 1073 communem
740 1005 880 1071 omnium
903 1024 1031 1071 sonsum
1062 1006 1090 1070 si
1119 1006 1153 1070 id
1175 1026 1381 1088 revocamus,
1406 1008 1463 1073 illo

323 1114 402 1195 loco,
430 1112 458 1178 si
481 1111 626 1175 redditur
640 1130 697 1194 pro
713 1117 874 1174 recreatur
896 1107 1102 1192 accipiamus,
1129 1108 1362 1175 absurditatem
1384 1129 1463 1175 oon-

323 1215 417 1279 tineri
447 1221 599 1298 apparet:
633 1231 711 1277 sano
740 1229 959 1294 quaecumque
989 1229 1040 1275 res
1069 1210 1167 1274 aliam
1196 1218 1309 1294 auget,
1348 1212 1463 1277 virium

323 1317 475 1383 damnum
499 1315 596 1399 capit.
644 1315 755 1380 Altera
782 1332 896 1393 causa,
931 1332 986 1377 cur
1014 1311 1213 1378 Lachmanni
1241 1313 1463 1398 interpretatio

258 1507 259 1510 Ἴ
324 1419 410 1484 falsa
425 1419 475 1501 sit,
494 1419 529 1482 in
544 1437 593 1498 ea,
613 1436 677 1498 qua
692 1416 726 1481 hi
741 1435 855 1481 versus
871 1435 942 1481 eum
957 1415 1110 1498 proximis
1126 1423 1345 1495 conectuntur,
1361 1419 1463 1502 parti-

324 1523 398 1586 cula
413 1521 521 1605 posita
543 1527 602 1584 est.
644 1519 728 1584 Nam
744 1517 895 1601 quoniam
910 1517 944 1580 in
960 1521 1087 1581 251—f>
1106 1517 1145 1584 dc
1161 1518 1372 1585 diminutione
1391 1528 1464 1585 tan-

325 1631 392 1688 tum
415 1630 520 1688 terrae
543 1621 667 1702 dicitur,
702 1621 729 1686 si
751 1621 816 1686 iam
839 1620 881 1685 ad
904 1639 960 1684 eas
983 1639 1045 1700 res,
1072 1620 1188 1702 quibus
1212 1620 1371 1688 restitutio
1394 1623 1464 1688 eius

324 1725 424 1807 fieret,
451 1725 648 1807 transiretur,
670 1732 850 1807 praetcrea,
878 1722 996 1807 quippe
1019 1742 1102 1804 quae
1124 1723 1284 1807 particula
1304 1743 1344 1789 ea
1359 1726 1463 1790 solum

324 1829 505 1911 enuntiata,
534 1849 616 1911 quae
639 1828 681 1892 ad
703 1826 838 1893 eandem
861 1847 928 1892 rem
950 1825 1127 1910 pertinent,
1155 1833 1317 1907 conectat,
1343 1827 1463 1892 salsum

324 1940 421 1999 esset.
461 1933 530 1998 lam
553 1952 644 2012 vero,
672 1951 743 1996 cum
766 1950 806 1995 ea
828 1949 924 2012 quam
947 1928 1166 1995 desideramus
1189 1929 1277 1994 notio
1300 1929 1334 1994 in
1356 1931 1464 1994 reddi-

325 2043 376 2098 tor
403 2035 510 2100 inesse
538 2054 601 2098 non
624 2033 744 2117 possit,
775 2032 804 2098 si
834 2032 885 2098 de
904 2032 1083 2116 corruptela
1114 2029 1292 2115 scripturae
1322 2032 1464 2115 cogitare

325 2137 478 2218 velimus,
504 2135 663 2220 fingamus
687 2141 845 2219 oporteat,
872 2142 1009 2218 apoeta
1032 2134 1185 2218 scriptum
1208 2133 1310 2200 fuisse
1331 2135 1463 2200 verbum

325 2239 467 2322 aliquod,
493 2238 578 2321 quod
598 2237 684 2303 idern
700 2238 767 2303 fero
782 2238 904 2302 valeret
926 2245 1022 2319 atque
1045 2237 1241 2300 diminuitur.
1282 2238 1365 2302 Tum
1386 2257 1464 2302 vero

325 2343 392 2408 alia
414 2342 588 2408 difficultas
611 2342 721 2422 oritur,
748 2341 833 2424 quod
855 2340 962 2406 verbis
990 2341 1038 2423 (V,
1065 2341 1137 2422 258)

576 2454 608 2509 et
630 2445 775 2529 quoniam
798 2443 891 2508 dubio
908 2445 1025 2526 procui
1045 2466 1110 2507 esse
1134 2443 1256 2508 uidetur

480 2549 679 2632 omniparens
702 2549 809 2612 eadem
831 2568 938 2610 rerum
960 2569 1117 2610 commuue
1140 2547 1318 2629 sepulcrum

326 2653 360 2717 id
389 2654 534 2733 affertur,
574 2651 659 2734 quod
695 2651 742 2716 eis
772 2669 856 2732 quae
894 2649 1087 2714 antecedunt
1113 2649 1308 2734 opponitur:
1347 2657 1463 2714 terram

326 2756 479 2834 recreari3
506 2774 582 2836 ergo
603 2774 661 2836 per
676 2753 865 2837 particulam
882 2761 912 2815 et
926 2751 1053 2817 adnecti
1069 2752 1189 2834 nequit.
1231 2751 1364 2817 Accedit
1379 2752 1464 2834 quod

327 2859 423 2924 etiam
446 2857 493 2922 sio
512 2876 561 2936 ea,
588 2875 671 2938 quae
686 2855 832 2921 versibus
849 2857 997 2919 247-60
1014 2855 1200 2936 continetur,
1228 2855 1463 2937 argumentatio

326 2959 498 3025 admodum
519 2958 676 3040 languida
699 2964 758 3024 est.
799 2959 919 3024 Versus
936 2957 1020 3023 enim
1036 2960 1184 3020 247—50
1201 2957 1228 3021 si
1244 2963 1379 3038 tuemur,
1398 2958 1464 3022 iam

327 3069 552 3147 exspectamus
562 3061 814 3126 demonstratum
825 3061 863 3125 iri
871 3067 989 3126 terram
997 3080 1060 3125 non
1068 3059 1358 3142 minusaugescere
1367 3080 1464 3142 quam

326 3166 447 3250 perire:
472 3164 627 3230 habemus
643 3170 751 3230 autem
765 3163 828 3228 tria
842 3169 1040 3246 argumenta,
1065 3163 1180 3244 quibus
1195 3169 1314 3227 terram
1329 3162 1464 3227 diminui

249 3343 254 3352 ι
326 3275 495 3353 appareat:
519 3274 546 3330 1.
560 3267 808 3350 principr'opcrs
822 3266 921 3330 terrai
930 3289 957 3329 e.
969 3288 998 3350 q.
1009 3288 1035 3329 a.
1061 3269 1091 3328 2.
1107 3287 1187 3348 pore
1199 3266 1293 3329 etium
1300 3267 1465 3349 plebarum

326 3395 352 3435 e.
364 3395 392 3456 q.
403 3395 429 3435 s.
460 3374 490 3435 3.
503 3379 672 3453 praeterea
681 3393 745 3453 pro
758 3378 851 3452 purte
862 3392 919 3434 aaa
931 3393 957 3432 e.
969 3392 997 3453 q.
1010 3392 1035 3432 s.
1069 3368 1120 3434 Ad
1136 3375 1264 3434 auctum
1277 3373 1382 3433 terrae
1394 3370 1465 3433 sola

327 3475 426 3540 verba
441 3474 564 3537 videtur
580 3473 777 3556 omniparens
793 3474 900 3536 eodem
910 3493 1016 3536 rerum
1027 3493 1186 3536 commune
1197 3472 1374 3553 sepulcrum
1388 3491 1465 3554 per-

327 3578 438 3656 tinent,
465 3596 568 3658 eaque
590 3575 754 3641 enuntiato
778 3575 966 3642 secundario
990 3575 1141 3640 conclusa
1156 3580 1240 3638 sunt.
1280 3574 1408 3639 'iacebo
1423 3573 1464 3640 de

327 3700 375 3759 eo,
402 3679 487 3762 quod
509 3677 595 3744 idem
610 3684 844 3761 argumentum,
871 3677 1093 3761 quodcumque
1115 3675 1203 3740 aliud
1218 3683 1348 3758 augeat,
1368 3675 1464 3740 dimi-

328 3783 393 3862 nui,
414 3781 441 3846 si
456 3801 569 3848 versus
586 3784 735 3846 257-60
751 3802 772 3846 a
787 3788 882 3865 poeta
897 3786 1005 3846 essent
1019 3779 1164 3864 proiecti,
1191 3778 1241 3843 bis
1255 3778 1345 3843 brevi
1361 3779 1465 3862 spatio

326 3884 507 3951 intermisso
523 3883 700 3949 adhibitum
713 3887 813 3949 esset:
835 3903 893 3949 eae
910 3883 995 3948 enim
1007 3901 1124 3948 causae
1136 3881 1168 3946 in
1180 3880 1380 3947 Lucretianis
1392 3899 1465 3946 car-

327 3989 466 4054 minibus
479 3987 700 4053 examinandis
712 3986 816 4070 magis
828 4007 924 4069 quam
936 4006 1074 4069 aequum
1091 3992 1140 4050 est
1154 3984 1285 4068 neglegi
1295 3983 1461 4049 videntur.

414 4091 547 4158 Constat
572 4089 669 4172 igitur
700 4097 732 4156 et
761 4093 917 4154 247-50
948 4112 969 4156 a
994 4095 1090 4174 poeta
1120 4087 1255 4172 scriptos
1285 4106 1348 4152 non
1377 4105 1460 4168 esse,

327 4194 405 4276 quia
427 4214 447 4258 a
470 4199 558 4259 certa
580 4189 649 4258 eius
672 4193 911 4274 consuetudine,
937 4213 1001 4277 qua
1023 4191 1129 4258 verbis
1152 4189 1236 4254 illud
1255 4190 1289 4253 irr
1309 4189 1358 4252 Iria
1373 4191 1465 4253 rebus

328 4317 405 4364 usus
428 4304 493 4378 est,
520 4295 689 4377 recedunt,
717 4304 748 4362 et
771 4299 930 4376 257-60,
958 4297 986 4361 si
1009 4294 1159 4360 traditam
1182 4292 1373 4376 scripturam
1396 4311 1464 4358 ser-
