3312 5280
654 417 869 478 ,19-

187 607 222 666 ut
252 601 396 666 conicere
426 601 516 684 licet,
550 621 744 685 quamquam
773 601 813 668 de
843 621 884 668 ea
911 622 946 669 re
975 600 1056 668 nihil
1091 601 1169 666 certi
1198 602 1329 685 assequi

187 723 371 788 possumus.

274 806 340 871 Sed
362 806 442 872 hacc
468 806 532 872 sint
561 807 642 872 satis
671 807 713 872 de
740 807 800 874 hoo
829 809 899 874 loco
928 806 1129 874 difficillimo.
1177 806 1270 884 Quae
1299 807 1328 872 si

187 914 273 976 recte
295 907 458 992 disputata
488 916 578 984 sunt,
612 909 769 976 habemus
801 910 881 976 duos
911 909 1073 991 homines,
1109 909 1163 992 qni
1191 908 1238 974 de
1263 908 1327 974 in-

187 1011 351 1076 dustria
379 1011 413 1078 in
442 1012 586 1078 carmina
607 1012 802 1080 Lucretiana
828 1013 1089 1096 interpolationes
1112 1012 1322 1091 inseruerunt,

187 1133 321 1196 quorum
344 1115 430 1198 prior
451 1114 513 1180 luit
533 1115 578 1196 is,
612 1116 667 1198 qui
688 1117 885 1200 prooemium
914 1124 1026 1200 quarto
1054 1116 1135 1182 libro
1164 1113 1322 1198 praefixit.

187 1217 292 1298 Atque
314 1217 436 1296 aduam
459 1218 516 1283 alii
538 1238 664 1300 qnoque
687 1219 750 1284 loci
772 1227 890 1302 essent,
918 1220 974 1285 ubi
996 1218 1109 1284 eadem
1133 1217 1326 1284 confidentia

188 1339 316 1402 operam
332 1339 441 1386 eorum
457 1321 639 1388 discernere
655 1341 833 1406 possemus,
853 1330 897 1404 ut,
918 1323 1033 1405 quibus
1049 1322 1143 1387 rebus
1159 1321 1193 1386 in
1206 1320 1325 1386 Lucre-

186 1422 224 1486 tii
239 1423 432 1504 carminibus
444 1424 649 1490 recensendis
661 1425 745 1490 inter
757 1445 792 1490 se
804 1425 979 1507 differrent,
995 1425 1113 1491 elarius
1126 1423 1321 1490 videremus.

187 1524 329 1590 Alterius
357 1524 502 1607 quidem,
528 1526 583 1607 qui
604 1546 715 1592 versus
740 1532 779 1592 45
794 1531 879 1592 -’»48
910 1535 943 1593 et
965 1530 1107 1592 51-53
1130 1525 1323 1608 interpolare
1409 1527 1415 1535 '

186 1628 304 1708 uoluit,
331 1649 456 1694 summa
477 1629 677 1714 impudentia
699 1633 751 1696 vel
775 1653 815 1696 ex
837 1633 899 1698 hoc
928 1653 991 1698 uno
1019 1634 1089 1698 loco
1119 1631 1321 1717 perspicitur,

186 1749 289 1812 neque
312 1731 473 1812 miremur,
500 1733 528 1796 si
550 1732 616 1796 alia
638 1753 763 1816 quoque
791 1735 881 1800 stulti
907 1734 1002 1800 huius
1024 1735 1084 1800 viri
1109 1735 1246 1818 vestigia
1267 1734 1325 1799 de-

186 1830 435 1915 prehendamus.
481 1834 572 1900 Illius
595 1855 670 1902 vero
692 1837 861 1902 eonsilium
884 1838 975 1903 utin
997 1837 1057 1902 hoc
1079 1837 1242 1922 prooemio
1265 1835 1325 1901 ad-

186 1933 291 2000 dendo
313 1937 519 2002 manifestum
542 1945 609 2018 est,
639 1939 686 2004 ita
708 1959 836 2024 semper
858 1939 991 2006 dubium
1013 1940 1089 2018 erit,
1122 1961 1197 2006 num
1226 1939 1323 2004 etiam

185 2038 321 2104 aliarum
342 2039 546 2106 iterationum
566 2041 601 2106 in
626 2041 764 2107 Lucretii
787 2043 981 2108 carminibus
1003 2049 1113 2108 auctor
1135 2042 1242 2108 fuerit.

272 2141 338 2207 Sed
367 2141 463 2208 facile
493 2161 572 2208 sane
602 2164 681 2226 cum
701 2145 761 2210 hoc
790 2147 859 2211 loco
889 2145 969 2212 duos
999 2146 1254 2229 comparabimus
1284 2165 1324 2210 ex

185 2244 355 2326 prooemiis
372 2246 503 2310 secundi
519 2253 551 2312 et
567 2247 652 2311 tertii
666 2247 740 2312 libri
754 2248 957 2332 promendas.
998 2249 1141 2326 Quorum
1159 2249 1324 2330 utriusque

185 2343 218 2408 in
241 2345 305 2411 fine
329 2345 363 2410 hi
385 2367 497 2413 versus
520 2349 682 2431 leguntur:

314 2471 389 2512 aum
413 2451 512 2514 ueluti
527 2452 624 2533 pueri
646 2454 808 2535 trepidant
829 2463 923 2538 atque
946 2455 1050 2519 omniu
1073 2455 1172 2519 caeeis

315 2551 348 2613 ia
372 2553 505 2616 tenebris
527 2562 679 2636 metuunt,
705 2555 749 2618 sic
772 2578 828 2618 uos
850 2556 883 2618 io
906 2558 973 2620 lace
997 2557 1137 2620 timemus

314 2653 480 2736 interdum,
508 2657 572 2720 ailo
596 2681 675 2742 qaue
696 2667 769 2722 suat
790 2662 955 2724 metuenda
977 2661 1077 2745 acopis
1100 2683 1193 2746 quum

314 2779 395 2840 quae
411 2760 510 2842 paeri
529 2760 562 2822 r'a
586 2762 719 2825 tenebris
735 2763 887 2845 pauitant
895 2763 1088 2848 finpaatque
1100 2765 1233 2850 sutura.

315 2860 397 2944 duae
419 2861 517 2945 ἐρίων
542 2871 691 2928 terrorem
713 2866 813 2928 unt'me'
834 2868 1036 2951 tenebraeque
1059 2876 1210 2931 necessest

315 2985 378 3026 coa
399 2964 487 3027 radii
507 2965 581 3030 soloe
604 2989 700 3051 oeque
723 2969 828 3032 lucido
853 2970 1001 3033 tetendiet

316 3065 495 3144 discutiunt,
522 3070 579 3131 sed
598 3079 733 3134 naturae
755 3073 872 3154 species
893 3073 1046 3158 ratioque.

185 3167 251 3234 Sed
272 3175 406 3251 utroque
428 3171 498 3236 loco
522 3171 642 3238 habent
663 3193 726 3256 quo
749 3175 923 3240 offendant.

269 3271 373 3354 Atque
395 3273 428 3337 iu
451 3275 584 3340 secundi
606 3276 680 3342 libri
701 3279 874 3361 prooemio,
901 3299 972 3344 cnm
994 3277 1035 3345 de
1057 3299 1162 3344 rerum
1178 3280 1321 3345 vanitate
1395 3293 1399 3298 '

183 3372 332 3454 loquatur
354 3381 386 3440 et
408 3374 451 3448 de¹
471 3377 555 3442 curis
578 3379 780 3462 sequacibus,
803 3401 886 3462 quae
901 3401 1006 3462 neque
1022 3382 1145 3448 sonitus
1161 3403 1321 3447 armornm

182 3494 243 3540 nec
265 3475 335 3541 fera
356 3478 421 3542 tela
443 3485 586 3544 metuant
609 3480 823 3565 audacterque
845 3483 929 3548 inter
951 3504 1044 3567 reges
1070 3491 1237 3550 versentur
1263 3504 1321 3550 nec

183 3576 340 3659 fulgorem
363 3580 403 3644 ab
427 3602 505 3647 auro
529 3592 734 3652 revereantur
755 3605 815 3650 nec
838 3588 959 3652 clarum
990 3587 1089 3653 vestis
1116 3588 1321 3672 splendorem

184 3699 376 3766 purpureae,
402 3683 467 3748 iam

219 3785 259 3845 53
283 3783 360 3866 qaid
373 3785 508 3865 dubitus,
527 3786 640 3870 inquit,
665 3790 740 3873 quire
756 3791 855 3854 omnio
870 3792 912 3855 so't
926 3792 1002 3856 haee
1019 3792 1152 3856 rationis
1165 3801 1318 3876 potestus,

281 3887 379 3950 omnio
401 3911 470 3954 eam
492 3889 526 3952 t'c
550 3891 684 3954 tenebris
699 3895 892 3974 praesertim
915 3895 980 3959 cita
1003 3897 1148 3959 laboret?

182 3997 247 4052 tum
284 3996 461 4070 sequnntur
496 3992 530 4056 in
568 3993 730 4060 codicibus
763 3995 813 4060 illi
846 4017 970 4063 versus.
1024 3999 1097 4063 Toti
1133 3999 1231 4080 igitur
1263 4018 1321 4064 su-

182 4109 253 4154 mus
277 4091 415 4184 caligine
438 4095 601 4177 oppressi,
629 4115 725 4176 quarn
755 4117 846 4164 mens
876 4107 999 4166 tantum
1030 4121 1068 4165 ao
1096 4101 1178 4166 ratio
1207 4101 1319 4167 tollere

182 4201 327 4274 possunt.
367 4195 419 4259 Ad
443 4216 538 4278 quam
562 4199 755 4264 sententiam
777 4201 826 4265 illi
845 4223 957 4269 versus
973 4205 1060 4268 nullo
1077 4204 1170 4269 modo
1184 4213 1320 4288 possunt

181 4295 327 4379 adiungi.
381 4298 460 4364 Cum
495 4299 580 4366 enim
614 4302 773 4384 particula
805 4326 879 4368 aum
906 4306 1112 4387 inducantur,
1151 4314 1318 4391 exspectes

1079 4426 1112 4476 2*
