3312 5280
750 405 962 468 ..38-

288 592 387 658 trario
417 596 639 675 argumentum
669 590 764 674 petit,
797 591 888 656 euius
915 589 1106 674 hypothesis
1135 589 1186 656 bis
1215 589 1322 656 verbis
1350 610 1427 656 eon-

290 701 384 778 eepta
405 699 470 760 est:

371 799 433 861 324
796 795 826 858 ai
845 796 933 860 eolla
945 795 1019 880 fuit
1039 794 1188 878 genitalia
1210 794 1296 879 oripo

459 909 665 963 terrorum
687 907 724 963 et
746 898 855 962 coeli
875 919 1056 982 semperque
1078 906 1207 962 aeterno
1218 899 1329 983 suere.

290 1003 327 1066 In
350 1002 397 1068 eis
419 1002 526 1085 igitur,
554 1019 637 1084 quae
659 999 906 1085 praecedebant,
933 999 974 1066 de
989 1000 1125 1084 genitali
1140 1000 1263 1084 on'gine
1288 1009 1427 1064 terroe

291 1120 326 1168 et
347 1105 471 1186 coeli,
497 1111 530 1171 et
552 1104 585 1170 id
607 1103 735 1188 quidem
758 1103 855 1169 totius
878 1110 982 1170 terrae
1005 1111 1038 1170 et
1059 1104 1158 1170 totius
1180 1103 1280 1183 caeli,
1307 1103 1426 1170 dietum

290 1207 391 1274 fnisse
413 1227 546 1274 neeesse
568 1214 634 1288 est,
660 1227 698 1273 ae
720 1226 835 1273 revera
863 1206 897 1272 in
919 1206 1065 1274 versibus
1089 1209 1250 1272 318-23
1273 1208 1426 1290 probatur

290 1311 414 1376 eaelum
436 1316 536 1376 totum
558 1310 701 1376 nativum
724 1309 851 1375 mortali
872 1329 1003 1393 eorpore
1020 1316 1165 1375 constare
1186 1310 1284 1392 (321).
1324 1307 1426 1374 Simul

289 1419 397 1478 antem
419 1419 555 1498 apparet
576 1433 617 1478 ex
639 1412 746 1478 verbis

377 1517 438 1578 318
459 1504 472 1580 ’.
494 1564 500 1578 .
522 1565 528 1578 .
549 1515 613 1579 iam
637 1523 723 1578 tuere
745 1514 813 1590 boo,
839 1515 956 1578 circum
978 1536 1135 1598 supraque
1158 1515 1243 1598 quod
1263 1536 1383 1578 omnem

466 1615 603 1681 eontinet
625 1617 771 1699 arnpleeo
795 1625 911 1680 terram

289 1720 427 1804 primum
450 1719 596 1802 quidem,
629 1726 726 1786 antea
752 1719 792 1785 de
815 1719 904 1786 eaelo
927 1738 999 1785 eum
1027 1739 1091 1784 non
1119 1719 1263 1797 dixisse;
1294 1719 1421 1799 deinde,

289 1822 329 1888 de
352 1828 439 1888 terra
461 1821 596 1888 dixisse.
643 1821 742 1904 Atqui
770 1822 803 1887 in
831 1821 986 1906 proximis
1014 1823 1160 1889 versibus
1189 1829 1276 1888 terra
1297 1821 1425 1888 omnino

289 1945 352 1990 non
381 1931 656 1991 commemoratur.
710 1924 831 1990 Versus
864 1924 994 2006 quidem
1026 1927 1143 1989 306-
1157 1929 1207 2002 17,
1243 1925 1277 1989 in
1311 1924 1425 2006 quibus

288 2034 443 2107 monetur,
470 2034 574 2092 turres
597 2046 635 2092 ae
659 2045 738 2091 saxa
761 2046 852 2091 ruere
875 2027 961 2092 vieta
983 2028 1023 2092 ab
1039 2047 1130 2109 aevo,
1157 2027 1243 2109 quod
1258 2047 1321 2092 non
1337 2027 1425 2093 faee-

289 2136 370 2210 rent,
397 2129 425 2194 si
448 2149 489 2195 ex
511 2129 635 2193 infinito
658 2129 765 2194 omnia
779 2136 936 2194 tormenta
954 2130 1071 2196 aetatis
1086 2131 1345 2214 pertolerassent,
1366 2151 1423 2214 pro

288 2232 375 2296 exitu
388 2231 617 2315 disputationis
630 2230 670 2296 de
682 2231 895 2296 mutabilitate
907 2239 1003 2313 atque
1012 2231 1204 2298 mortalitate
1213 2232 1311 2297 totius
1321 2239 1424 2297 terrae

288 2335 370 2400 bene
392 2341 528 2417 possunt
549 2333 678 2411 haberi,
704 2334 762 2400 sed
789 2340 896 2399 textus
923 2334 1053 2400 traditio
1081 2335 1164 2399 hano
1186 2335 1424 2420 interpretatio-

288 2455 361 2500 nem
384 2442 473 2502 aroet
494 2436 707 2520 impeditque,
742 2437 913 2519 quominus
938 2437 1012 2503 illos
1041 2457 1153 2504 versus
1181 2458 1253 2503 eum
1284 2442 1339 2502 251
1358 2442 1423 2500 -6

289 2537 530 2630 coniungamus,
550 2559 621 2604 eum
639 2539 753 2622 quibus
769 2550 825 2604 eos
841 2539 1012 2604 convenire
1027 2539 1231 2604 manifestum
1247 2546 1306 2606 est.
1339 2539 1423 2616 Quin

287 2642 385 2707 etiam
408 2643 554 2709 versibus
578 2647 737 2707 not-72.
764 2646 921 2707 273-80.
951 2644 1119 2708 ast-305
1147 2643 1350 2728 perlustratis
1372 2644 1423 2708 in-

287 2744 471 2828 tellegimus
483 2746 582 2810 verba
590 2768 671 2829 pora
688 2745 789 2809 terrei
804 2746 886 2826 (251)
901 2746 943 2811 ad
954 2747 1059 2830 ipsam
1071 2753 1230 2811 terrenam
1243 2747 1419 2828 materiam,

287 2847 339 2911 eui
354 2867 446 2912 umor
460 2867 517 2914 aer
538 2847 624 2930 ignis
642 2848 791 2932 opposita
808 2857 892 2929 sunt,
918 2848 1086 2916 referenda
1101 2869 1184 2929 esse,
1211 2870 1308 2932 aquo
1328 2851 1422 2916 abso·

287 2968 363 3012 num
386 2948 514 3031 quidem
537 2956 602 3031 est,
629 2949 713 3032 quod
734 2950 768 3016 in
790 2951 935 3017 versibus
959 2954 1122 3016 257-60
1146 2958 1230 3016 terra
1259 2971 1317 3034 pro
1348 2971 1423 3035 per-

287 3069 365 3116 sona
387 3050 532 3116 habetur.

373 3152 467 3230 Quod
489 3154 587 3237 igitur
610 3155 790 3240 expositum
813 3156 852 3220 iri
875 3176 915 3222 ex
937 3155 1084 3222 versibus
1111 3159 1258 3222 318-23
1281 3157 1422 3239 itemque

288 3276 329 3321 ex
357 3259 518 3322 306-17
548 3263 656 3323 nostro
685 3259 753 3324 iure
783 3265 1026 3343 exspectamus,
1062 3259 1096 3324 id
1125 3259 1159 3324 in
1187 3266 1275 3324 textu
1304 3260 1422 3325 tradito

286 3379 348 3423 non
372 3360 500 3444 legitur.

371 3462 465 3528 Nune
487 3469 522 3527 ut
544 3463 773 3541 examinemus,
801 3464 879 3546 quid
901 3465 1081 3546 argumenti
1103 3483 1215 3530 versus
1239 3467 1295 3527 251
1309 3465 1422 3556 -3051

285 3564 441 3645 habeant,
476 3565 620 3631 versibus
651 3569 709 3629 251
730 3603 765 3612 -
780 3570 820 3630 60
854 3565 1090 3632 demonstratur
1123 3574 1240 3630 terram
1263 3565 1356 3630 libari
1390 3573 1422 3631 et

284 3673 412 3732 anetam
427 3667 575 3746 reoreari;
595 3668 741 3734 versibus
753 3671 902 3732 261-72
915 3689 1055 3734 umorem
1067 3675 1221 3753 perpetuo
1234 3675 1266 3733 et
1278 3688 1421 3734 creseere

285 3777 317 3834 et
340 3787 549 3848 evanescere3
582 3771 728 3836 versibus
751 3773 912 3834 273-„80
936 3790 1012 3836 aera
1033 3791 1097 3836 non
1120 3790 1246 3836 cessare
1270 3771 1358 3854 gigni
1381 3770 1420 3836 de

285 3871 1420 3955 rebnsetinresreeidere;versibus28l——305solemlunamstellasque

329 3977 391 4039 303
417 3998 455 4039 ex
477 3975 539 4040 olio
562 3984 654 4059 atque
676 3976 740 4040 olio
764 3977 864 4039 locem
886 3976 1005 4040 ioetore
1027 3977 1156 4042 suborta

416 4087 447 4142 et
465 4079 604 4161 primam
620 4078 775 4163 quidquid
785 4078 995 4163 flammarum
1010 4081 1146 4163 perdere
1169 4101 1305 4162 serapem·

415 4180 608 4244 inviolabilia
631 4180 707 4246 haec
729 4203 767 4244 ae
790 4183 901 4244 eredas
912 4183 1008 4267 sorte
1030 4182 1143 4265 pipere.

283 4283 431 4366 Denique
446 4283 490 4363 id,
509 4282 594 4366 quod
610 4286 735 4348 235-7
749 4283 868 4350 dietum
885 4291 963 4366 erat,
982 4292 1087 4351 terrae
1100 4304 1215 4369 eorpus
1231 4291 1264 4350 et
1278 4303 1418 4350 umorem
