3312 5280
638 413 851 472 ..71-

182 605 287 664 autem
318 617 389 678 eos,
424 618 495 664 cum
523 599 639 682 quibus
669 600 829 666 artissime
859 600 1017 666 coniuncti
1048 607 1132 678 sunt,
1157 601 1232 682 quia
1262 619 1319 664 suo

183 699 397 785 interpolandi
421 701 556 767 consilio
578 701 683 768 minus
707 703 937 769 accommodati
959 711 1060 770 erant.

267 803 388 884 Restat,
415 809 451 867 ut
472 803 582 887 paucis
601 805 754 889 aperiam,
775 806 851 888 quid
867 805 907 872 de
922 813 988 872 toto
1003 807 1076 872 libri
1091 806 1186 890 primi
1203 825 1316 890 prooe-

182 905 246 970 mio
269 906 415 986 sentiam,
443 926 483 971 ne
499 907 650 990 Briegero
673 914 705 973 et
721 909 971 992 Stuerenburgio
986 929 1098 993 parum
1119 907 1319 974 satisfacere

182 1008 303 1088 videar,
336 1009 390 1093 qui
423 1013 568 1074 136-45
593 1011 803 1092 secluserunt,
830 1013 885 1077 ille
908 1011 1046 1094 quidem,
1074 1033 1147 1078 cum
1169 1031 1224 1076 eos
1247 1017 1321 1094 post

182 1114 223 1175 79
239 1112 320 1176 bene
336 1111 435 1178 inseri
458 1112 650 1196 opinaretur,
670 1113 721 1180 hic
737 1134 792 1181 eos
808 1115 941 1180 seorsim
957 1136 977 1180 a
993 1115 1142 1180 carminis
1159 1114 1320 1180 continui-

182 1221 248 1279 tate
265 1215 400 1300 scriptos
416 1235 488 1280 esse
504 1223 602 1282 ratus.
634 1218 738 1299 Atque
755 1237 794 1282 ea
809 1237 919 1294 causa,
938 1239 1001 1300 qua
1016 1217 1216 1302 potissimum
1233 1237 1331 1282 com--

183 1319 260 1382 moti
289 1319 503 1401 secluserunt,
539 1319 615 1402 quia
644 1340 715 1385 cum
744 1321 891 1386 versibus
924 1324 1061 1385 lta-8
1091 1341 1153 1386 non
1185 1340 1321 1386 consen-

183 1421 288 1500 tirent,
323 1421 453 1502 cecidit,
481 1423 629 1504 quoniam
654 1422 687 1487 hi
708 1423 773 1508 ipsi
796 1423 983 1490 secludendi
1006 1431 1090 1490 sunt.
1136 1422 1201 1489 Sed
1224 1423 1320 1489 etiam

183 1544 221 1590 eo
243 1524 323 1602 loco,
350 1545 412 1606 quc
438 1545 522 1590 nunc
550 1533 687 1606 exstant,
714 1526 791 1592 mihi
814 1528 960 1611 placent:
993 1528 1038 1592 sic
1061 1527 1145 1593 enirn
1167 1527 1320 1612 prooemii

184 1646 338 1692 conexum
361 1627 448 1712 fingo
472 1627 582 1694 ordine
600 1627 743 1696 codicum
759 1637 896 1696 servato.
937 1630 1057 1696 Versus
1080 1631 1155 1696 inde
1178 1630 1322 1713 aprima

183 1750 283 1814 usque
307 1729 348 1796 ad
374 1733 433 1794 t58
457 1730 621 1797 dividendi
644 1732 770 1798 suntin
794 1739 942 1815 quattuor
963 1740 1085 1818 partes:

273 1837 390 1898 1-43:
417 1835 576 1900 invocatio
599 1835 744 1916 Veneris,
770 1836 867 1902 totius
890 1836 995 1920 operis
1018 1836 1173 1902 fautricis.

270 1937 380 2002 Altera
402 1957 477 2021 pars
500 1957 602 2020 usque
625 1937 668 2003 ad
685 1943 736 2017 61,
756 1939 803 2004 ita
818 1939 957 2022 quidem,
976 1946 1011 2004 ut
1025 1945 1100 2004 ante
1117 1943 1157 2003 50
1173 1939 1321 2004 lacunam

185 2046 379 2105 statuamus:
405 2039 520 2122 quibus
542 2040 689 2106 versibus
709 2041 868 2108 dedicatio
884 2042 1115 2123 continebatur,
1135 2041 1224 2106 cuius
1240 2060 1324 2104 nunc

185 2150 328 2208 extrema
350 2149 473 2208 tantum
496 2163 571 2227 pars
599 2144 693 2227 (quod
713 2153 863 2227 superest,
892 2148 940 2223 50)
970 2151 1099 2210 servata
1122 2146 1214 2222 est¹].

271 2245 381 2310 Tertia
402 2266 488 2329 pars,
514 2267 596 2328 quae
619 2246 693 2312 inde
716 2267 736 2311 a
758 2250 798 2311 62
815 2248 973 2330 usquead
992 2251 1051 2310 145
1068 2245 1216 2330 pertinet,
1236 2265 1322 2310 oom-

185 2349 334 2430 plectitur
356 2349 449 2430 quasi
471 2349 668 2433 prooemium
691 2351 789 2415 totius
812 2351 974 2416 carminis.

271 2451 307 2515 Iu
335 2455 469 2516 tob-8
493 2452 639 2518 transitio
667 2452 702 2516 fit
732 2452 866 2519 adeam
898 2474 979 2534 rem,
1013 2475 1033 2518 a
1057 2473 1119 2535 qua
1142 2459 1237 2538 poeta
1260 2451 1325 2516 iui-

185 2555 262 2619 tium
286 2555 437 2620 carminis
460 2555 601 2621 facturus
624 2563 684 2621 est.

271 2656 364 2736 Quod
380 2665 485 2723 autem
503 2657 773 2742 Stuerenburgius
789 2659 967 2742 suspicatus
983 2667 1032 2745 est
1047 2678 1158 2724 versus
1178 2661 1324 2722 tta-lu

187 2759 320 2825 seorsim
356 2781 377 2826 a
410 2761 561 2826 carminis
590 2761 798 2826 continuitate
828 2761 964 2846 smiptos
996 2781 1083 2838 esse,
1116 2761 1151 2825 id
1179 2760 1247 2840 veri
1277 2767 1327 2824 est

188 2863 449 2928 dissimillimum.
489 2864 602 2946 Neque
625 2863 710 2929 enim
727 2864 895 2948 quicquam
919 2864 1097 2930 exordienti
1118 2871 1232 2949 poetae
1255 2884 1326 2928 ma-

185 2967 236 3050 gis
259 2967 423 3034 obversari
453 2967 562 3032 debuit
594 2987 688 3049 quam
716 2967 890 3034 difficultas
918 2969 977 3046 rei,
1003 2989 1096 3051 quam
1121 2967 1325 3052 expositurus

187 3078 284 3136 esset.
313 3109 349 3118 —-
786 3097 789 3102 ¹

273 3173 396 3240 Adsero
418 3194 490 3240 curn
512 3175 627 3252 locum,
653 3194 747 3257 quem
770 3175 845 3240 item
868 3183 1024 3258 appareat
1051 3174 1211 3258 posterius
1233 3171 1329 3237 addi-

187 3284 253 3342 tum
278 3296 351 3343 esse
375 3277 422 3344 eis
444 3279 599 3356 versibus,
626 3284 698 3362 post
720 3296 798 3360 quos
821 3278 855 3342 in
877 3276 1039 3343 codicibus
1064 3277 1243 3342 exlribetur:

654 3381 696 3460 Il,
729 3383 801 3446 163.
827 3385 857 3444 4.

189 3483 339 3566 Legimus
361 3483 438 3550 inde
461 3504 481 3548 a
504 3483 553 3561 ll,
583 3487 642 3546 157

318 3596 352 3652 ot
375 3609 452 3670 quoe
475 3597 549 3651 suat
570 3587 672 3651 solida
688 3588 868 3670 primordia
891 3581 1102 3670 simplicitate,

238 3797 293 3857 161
320 3795 443 3870 debeat,
468 3793 503 3856 rii
523 3793 647 3872 mirum,
668 3793 864 3876 praecellere
886 3792 1069 3870 mobilitate,

320 3904 350 3959 et
371 3897 468 3959 nocito
491 3895 583 3959 citius
595 3895 689 3980 ferri
710 3917 801 3978 quam
825 3894 973 3958 inimica
995 3895 1080 3970 colio,

163 4137 165 4142 ¹
228 4127 230 4132 Ι
262 4153 278 4215 ¹)
300 4151 455 4206 Vahleuius
478 4151 625 4216 (Monatsb.
647 4152 675 4205 d.
690 4151 764 4205 Berl.
780 4150 868 4205 Acad.
884 4150 958 4220 Aug.
976 4152 1050 4212 tart)
1071 4148 1138 4202 mihi
1158 4165 1212 4202 non
1231 4147 1331 4218 proba-

191 4237 316 4291 vitante
335 4239 538 4307 quodaupmact
562 4237 665 4290 nullam
691 4237 816 4290 lacunam
836 4236 920 4291 lriare.
960 4233 1111 4298 Conleras,
1130 4250 1201 4303 quae
1226 4235 1255 4287 in
1279 4249 1330 4301 pa-

191 4324 256 4390 gina
276 4326 308 4374 40
327 4323 468 4378 adnotavi.
