3312 5280
772 407 986 468 ..56-

312 593 399 672 dixi,
423 594 515 660 iuxta
538 598 642 658 motus
665 590 910 677 primordiorum
932 593 1002 658 vias
1024 591 1269 676 primordiorum
1296 591 1361 658 dici
1390 612 1449 658 ue-

334 716 413 761 mre.

311 717 333 778 q
400 798 466 864 Sed
487 797 685 866 redeundum
708 804 758 864 est
780 797 822 863 ad
846 797 1089 864 similitudinem
1110 798 1201 863 illam
1216 798 1299 864 inter
1313 799 1448 883 primor-

311 901 368 966 dia
401 908 433 967 et
462 901 630 967 verborum
662 901 821 966 elementa
851 901 1059 985 propositam.
1115 899 1196 966 Nam
1230 901 1327 968 ctiam
1356 903 1449 968 tertio

312 1005 384 1098 loco
407 1024 480 1070 eam
502 1005 545 1070 ab
559 1004 793 1088 interpolatore
814 1003 967 1070 insertam
990 1023 1062 1069 esse
1085 1003 1210 1070 ostendi
1233 1010 1348 1088 potent.

688 1153 692 1162 .
772 1106 799 1182 I,
826 1107 986 1169 907-14,

588 1209 687 1291 (908).
712 1211 743 1272 9.
772 1208 939 1289 10=11‚
972 1210 1091 1289 (1007).
1118 1209 1148 1272 8.
1175 1211 1194 1271 9

412 1314 475 1376 907
504 1313 615 1376 lamae
638 1310 723 1378 uides
745 1311 855 1394 090ον,
874 1311 974 1393 ι00010
997 1311 1082 1394 quod
1102 1309 1237 1374 dicimus
1259 1319 1343 1387 cute,

498 1414 670 1498 00000000
688 1415 811 1498 referre
834 1414 941 1477 ecdem
956 1413 1137 1496 prtinordr‘c
1158 1435 1251 1499 scope

505 1537 575 1578 cum
597 1515 707 1598 quibua
728 1523 760 1578 ct
781 1515 870 1598 quoti
885 1514 1033 1598 posituro
1054 1515 1273 1580 contineantur

414 1620 478 1681 910
507 1626 538 1681 et
560 1639 635 1702 quoa
656 1617 739 1682 iuter
759 1639 792 1681 se
813 1620 888 1682 deut
909 1627 1011 1682 motus
1032 1618 1260 1702 acceptumque,
1320 1627 1326 1635 '

503 1729 595 1803 utque
618 1721 724 1784 eadam
740 1720 840 1803 puolo
863 1721 946 1784 iuter
968 1742 1000 1786 se
1021 1729 1143 1786 mutatu
1166 1743 1273 1786 maore

414 1831 416 1838 ⁴
503 1823 591 1907 r'paea
613 1832 644 1886 et
665 1823 810 1908 liquam?
833 1845 892 1906 quo
909 1831 1006 1907 pacto
1029 1825 1125 1887 corba
1148 1846 1268 1907 quoquc
1289 1824 1360 1908 0000

504 1927 587 1990 iuter
609 1948 641 1990 se
658 1926 759 2009 poulo
780 1927 910 1990 mutatis
931 1935 1005 1990 aaut
1026 1927 1196 2006 01000000,

506 2049 575 2093 cum
597 2028 684 2112 lr'qau
705 2036 799 2113 utque
820 2028 907 2112 09000
928 2029 1077 2092 distinctu
1099 2051 1171 2092 coco
1192 2037 1343 2092 notemur.

316 2134 364 2198 Ac
385 2131 523 2216 primum
545 2130 673 2214 quidem
697 2130 830 2196 offendit
849 2130 1035 2196 adverbium
1051 2131 1191 2212 scopein
1207 2134 1269 2196 008
1285 2151 1324 2197 00
1345 2133 1450 2216 potius

316 2235 435 2300 falsum
451 2240 510 2311 est,
530 2234 614 2316 quod
636 2255 780 2316 semper
802 2233 908 2313 refert,
928 2253 999 2300 cum
1014 2234 1131 2315 quibus
1147 2233 1321 2318 primordia
1336 2234 1449 2299 cadem

314 2335 547 2402 contineantur.
595 2334 721 2400 Deinde
743 2355 814 2403 cum
839 2334 1012 2402 similitudo
1034 2337 1092 2400 illa
1120 2336 1203 2401 inter
1224 2335 1398 2420 primordia
1419 2343 1451 2402 et

198 2516 200 2519 .
313 2441 475 2505 elementa
496 2439 529 2504 iu
552 2439 700 2522 exemplo
714 2438 799 2521 ignis
815 2446 847 2504 et
861 2438 942 2520 ligni
960 2437 1160 2519 adhibeatur,
1187 2437 1310 2518 dicitur,
1337 2439 1450 2505 eadem

316 2541 489 2627 primordia
511 2543 609 2626 paulo
631 2541 713 2608 iuter
736 2561 771 2606 se
794 2547 917 2606 mutata
940 2561 1048 2608 creare
1070 2541 1163 2624 ignes
1187 2548 1219 2606 et
1240 2541 1373 2624 lignum.
1414 2542 1452 2606 ld

317 2645 483 2712 Lucretius
505 2664 568 2711 non
584 2645 722 2728 scripsit.
763 2645 846 2710 Nam
870 2643 1015 2726 quamvis
1038 2644 1209 2710 contendat
1231 2645 1339 2710 multis
1356 2646 1451 2710 rebus

316 2748 418 2812 multa
439 2746 612 2832 primordia
634 2746 814 2812 communia
835 2765 923 2828 esse,
957 2753 1065 2812 tamen
1093 2753 1181 2812 certa
1208 2746 1451 2830 primordiorum

314 2869 435 2932 genera
462 2850 513 2930 (Il,
535 2851 715 2926 480-521)
742 2868 814 2914 esse
837 2849 959 2928 statuit,
986 2868 1078 2931 quae,
1105 2849 1134 2914 si
1155 2869 1218 2914 non
1241 2849 1307 2914 alia
1328 2850 1451 2914 ratione

315 2959 350 3016 at
372 2951 483 3034 figuris
506 2959 616 3017 tamen
636 2951 719 3016 inter
742 2971 777 3016 se
799 2950 964 3030 differuut;
992 2951 1108 3017 deiude
1130 2952 1164 3022 in
1186 2951 1259 3017 aliis
1275 2953 1372 3018 rebus
1386 2951 1452 3017 alia

314 3053 559 3139 primordiorum
581 3073 702 3137 genera
723 3074 853 3120 numero
871 3055 1057 3138 praevalere
1073 3053 1270 3122 demonstrat
1283 3056 1326 3137 H,
1346 3057 1452 3120 381-

316 3161 391 3220 477.
432 3158 611 3237 Praeterea,
637 3163 672 3222 ut
690 3156 795 3241 ipsius
810 3156 920 3237 rerba,
939 3156 1034 3237 uude,
1053 3177 1136 3240 quae
1152 3157 1194 3224 sit
1207 3157 1451 3241 primordiorum

313 3261 350 3324 iu
372 3261 467 3326 rebus
489 3259 709 3341 communitus,
736 3259 914 3324 clarissime
937 3267 1102 3344 appareat,
1129 3261 1273 3342 afferam,
1300 3261 1325 3342 l,
1345 3262 1451 3324 798-

315 3365 380 3426 802
403 3361 465 3428 ait:

359 3465 435 3550 quin
451 3465 561 3549 potius
584 3465 643 3530 toli
662 3474 778 3530 001ον0
793 3465 946 3548 praedito
968 3467 1119 3549 quaedum

359 3591 492 3651 corporo
513 3568 696 3645 constituae,
720 3567 823 3651 apuam
845 3569 876 3632 si
885 3570 981 3652 sorte
1002 3568 1151 3649 creariut,

353 3693 450 3754 posce
469 3671 586 3752 eadem,
613 3671 790 3754 demptio
806 3670 1203 3754 pauciepouca'aquo
1228 3670 1420 3748 tributio,

361 3773 506 3836 ordino
527 3781 680 3836 mutato
703 3781 742 3837 et
763 3781 886 3852 motu,
901 3774 1018 3858 fucore
1040 3772 1122 3836 ucrr'o
1144 3794 1251 3848 auras,

362 3877 407 3940 cic
429 3875 510 3940 0100
533 3875 606 3940 otiis
627 3875 719 3940 rebus
740 3875 893 3940 mutarier
915 3875 1039 3939 omnis?

317 3980 430 4062 ltaque
452 3978 521 4045 fieri
544 3998 607 4044 non
636 3979 754 4062 potuit,
788 3984 824 4043 ut
852 3977 938 4062 ignis
967 3977 1149 4062 primordiis
1179 3978 1276 4061 paulo
1306 3978 1389 4043 inter
1418 3995 1453 4042 se

317 4082 448 4148 mutatis
470 4082 593 4164 lignum
616 4081 691 4146 oriri
712 4087 849 4164 putaret.
890 4079 996 4157 Quidu
1017 4080 1103 4162 quod
1121 4081 1293 4148 caelestem
1310 4080 1453 4146 fulminis

314 4185 425 4266 ignem
453 4183 604 4249 subtilem
633 4183 736 4266 00310
764 4203 860 4266 quam
890 4183 1086 4248 terrestrium
1114 4182 1280 4248 taedarum
1303 4202 1321 4247 e
1344 4183 1453 4266 parvis

315 4293 463 4357 constare
485 4286 597 4369 figuris
620 4292 748 4363 censet,
773 4286 820 4350 ita
842 4292 877 4350 ut
899 4286 1074 4352 mutatione
1097 4291 1220 4352 tantum
1243 4284 1364 4350 ordinis
1387 4285 1454 4368 pri-
