3312 5280
794 455 1009 518 ,68-

332 642 410 726 gula
432 656 552 726 genera
575 648 723 712 naturam
747 662 767 705 a
788 641 935 725 patribus
949 648 1113 727 acceptam
1129 651 1303 726 servarent,
1322 647 1473 728 quoniam

330 765 470 828 sequens
486 764 631 828 quaeque
654 751 744 810 aetas
765 744 885 810 eisdem
909 744 1291 831 primordiiscomposita
1314 767 1385 815 csse
1409 771 1471 816 666

330 853 453 932 posset.
500 848 549 937 Ab
572 847 635 912 hac
657 847 899 914 ratiocinatione
921 857 987 913 tam
1010 849 1166 916 concinna
1192 850 1264 916 illos
1287 871 1399 918 versus
1421 853 1472 916 ia-

332 959 451 1016 centum
475 973 593 1034 qaoque
616 949 680 1014 iam
703 959 821 1015 constet
843 975 869 1014 c.
890 974 919 1035 q.
943 973 969 1014 6.
995 951 1118 1018 alienos
1142 972 1214 1021 esse
1237 962 1382 1039 apparet.
1409 995 1451 1003 —

418 1051 542 1118 Deinde
565 1051 605 1118 de
628 1051 734 1118 verbis
876 1136 878 1140 ι

902 1139 979 1224 qnid
992 1139 1097 1222 possit
1119 1140 1206 1220 oriri,

462 1241 540 1326 quid
559 1250 701 1325 nequeat,
714 1241 817 1324 finito
834 1251 977 1324 potestas
1000 1243 1130 1327 deniqne
1152 1243 1262 1328 cuique

459 1365 594 1428 quonam
616 1343 800 1409 siccatione
822 1353 915 1429 atquc
937 1345 1001 1410 alte
1024 1345 1173 1409 terminus
1195 1345 1326 1410 haerens

328 1447 363 1510 in
390 1446 536 1512 versibus

823 1533 850 1610 I,
877 1536 981 1596 75-7

329 1632 474 1718 repetitis
502 1633 675 1700 dicendum
707 1640 793 1700 661.1
821 1635 891 1712 Quo
919 1635 989 1700 loco
1018 1655 1058 1700 ea
1092 1636 1286 1720 interpolata
1316 1657 1389 1704 esse
1417 1639 1472 1704 vix

241 1804 245 1812 ,
329 1737 425 1802 certis
449 1737 555 1802 causis
579 1737 792 1803 demonstrari
815 1745 932 1821 potest.
980 1737 1180 1821 Quamquam
1208 1739 1347 1806 maxime
1370 1741 1472 1808 offen-

330 1839 387 1920 dit,
415 1839 500 1921 quod
521 1859 635 1906 versus
652 1843 778 1904 62-74
795 1841 975 1921 Lucretiae,
1002 1861 1072 1906 cum
1096 1848 1233 1925 enarret,
1253 1843 1325 1924 quis
1347 1843 1470 1927 primus

330 1948 402 2008 arta
431 1950 565 2008 naturae
596 1945 737 2009 claustra
760 1943 931 2026 effringere
954 1943 1100 2028 cupierit,
1126 1951 1310 2011 constanter
1331 1945 1471 2029 perfecto

329 2046 429 2110 utitur
456 2048 516 2128 (67,
544 2049 594 2126 69,
624 2051 675 2127 70,
702 2050 753 2128 72,
780 2050 830 2129 73,
859 2049 924 2129 74),
950 2046 983 2111 16
1006 2047 1152 2113 versibus
1176 2052 1293 2112 75-7
1317 2069 1471 2133 praesens

329 2149 489 2214 inducitur
505 2151 600 2230 (ando
615 2151 749 2235 refert
771 2151 883 2232 nobis).
923 2151 1007 2214 Nam
1022 2149 1055 2214 in
1073 2153 1123 2215 78.
1144 2153 1163 2216 9
1178 2171 1333 2235 praesens
1349 2153 1414 2217 alia
1429 2151 1470 2218 de

330 2271 428 2317 causa
446 2251 584 2336 positum
601 2258 661 2318 cst.
702 2251 766 2316 Sed
782 2273 854 2318 cum
870 2252 986 2318 deesse
1000 2253 1127 2337 possint
1141 2253 1188 2319 illi
1200 2274 1314 2320 versus
1335 2257 1368 2336 (I,
1387 2259 1471 2320 75-—

331 2358 374 2439 7),
403 2375 463 2437 ego
486 2355 615 2437 quidem
638 2375 702 2419 non
724 2354 846 2434 dubito,
870 2357 947 2439 quin
970 2357 1067 2422 etiam
1081 2357 1143 2435 ‘hio
1164 2357 1346 2442 interpolati
1371 2359 1445 2424 sint.

417 2493 526 2558 Pauca
548 2491 700 2558 addenda
723 2497 796 2557 sunt
818 2492 859 2558 de

558 2675 560 2679 ι
684 2595 739 2677 VI,
767 2599 818 2660 56.
846 2599 863 2659 7
888 2595 995 2677 61111,
1023 2599 1116 2661 9111

416 2740 423 2764 ι
487 2719 619 2782 quornm
642 2720 770 2780 operum
792 2721 904 2762 666666
926 2700 1016 2762 66116
1038 2699 1159 2763 ratione
1182 2700 1286 2764 vidore

480 2809 616 2884 poscant
638 2824 675 2864 66
683 2800 768 2884 ficri
788 2801 892 2864 divino
915 2801 1040 2866 numine
1062 2811 1189 2879 rentur,

766 2906 817 2987 (=
838 2905 864 2986 Ι,
895 2907 964 2968 153.
992 2907 1038 2989 4).

329 3004 421 3082 Quae
443 3005 542 3070 verba
570 3004 674 3088 priore
703 3005 777 3071 libri
807 3007 890 3071 sexti
920 3007 991 3072 loco
1018 3007 1156 3074 delenda
1184 3027 1256 3073 csse
1285 3007 1350 3072 iam
1373 3007 1471 3072 Bent-

329 3108 427 3172 lcium
471 3107 670 3174 intellexisse
723 3128 821 3192 supra
860 3112 1119 3177 commemoravi:
1167 3111 1343 3196 posteriore
1381 3111 1472 3176 iuxta

331 3215 449 3276 85-11
478 3213 581 3278 16666
611 3233 674 3278 666
703 3212 833 3294 habere,
866 3221 901 3278 ut
930 3213 963 3278 hi
987 3219 1042 3280 aut
1070 3215 1116 3280 illi
1140 3235 1252 3280 versus
1284 3213 1470 3280 secludendi

329 3317 405 3397 sint,
431 3316 658 3383 Lachmannus
682 3323 799 3383 monet.
841 3317 1053 3402 Quapropter,
1080 3339 1152 3384 cum
1169 3321 1287 3382 85-9
1310 3326 1394 3384 recte
1411 3339 1468 3384 666

330 3419 400 3484 1666
416 3439 451 3484 66
467 3419 586 3486 habere
601 3419 678 3484 mihi
695 3440 886 3504 persuasum
902 3421 944 3486 sit
965 3421 1030 3503 (cfr.
1051 3441 1132 3508 quae
1148 3443 1179 3506 p.
1197 3423 1236 3484 78
1254 3441 1300 3504 sq.
1320 3421 1360 3486 dc
1376 3441 1469 3504 repc-

332 3522 445 3588 titione
463 3543 613 3590 versuum
636 3525 741 3587 87-9
763 3523 796 3588 16
818 3523 912 3588 huius
935 3523 1008 3588 libri
1031 3524 1178 3590 versibus
1202 3527 1329 3590 383-5
1352 3523 1468 3588 tradita

329 3625 526 3709 disputabo),
554 3629 606 3690 90.
636 3631 650 3688 1
683 3626 807 3710 spurios
830 3645 903 3692 esse
927 3625 1086 3692 existimo.
1134 3625 1200 3692 Sed
1224 3631 1356 3708 uterque
1379 3627 1467 3691 locus

329 3729 415 3794 unde
446 3727 582 3806 fluxerit,
614 3729 800 3812 ambiguum
830 3735 890 3794 est.
941 3728 1025 3792 Nam
1049 3732 1102 3794 56.
1129 3734 1146 3792 7
1177 3729 1339 3794 alectore
1362 3727 1466 3813 philo-

329 3830 430 3914 sopho
454 3830 495 3895 ad
519 3835 623 3895 {nd-5
647 3830 825 3915 adscriptos
849 3850 921 3896 esse
944 3831 1032 3896 nullo
1055 3837 1243 3914 argumento
1259 3829 1466 3903 refutavcr·is;

328 3936 381 3997 90.
411 3938 424 3996 1
458 3954 535 4000 vero
565 3933 668 4018 potuit
691 3933 788 4000 etiam
817 3933 886 3998 fieri
909 3940 943 3998 ut
966 3933 1165 3998 librariorum
1188 3934 1284 4017 culpa
1307 3953 1347 3998 ex
1370 3937 1421 3996 56.
1449 3937 1466 3995 7

328 4043 562 4120 repeterentur.
591 4075 628 4084 -

415 4139 563 4221 Denique
586 4139 619 4203 in
643 4139 829 4204 memoriam
851 4158 975 4219 revoco,
1002 4157 1085 4220 quae
1108 4136 1148 4202 de
1170 4137 1318 4203 versibus

735 4242 760 4323 I,
789 4243 848 4305 531
874 4248 905 4305 61
927 4241 981 4318 IV,
1010 4243 1071 4305 672

799 4349 851 4424 l:
873 4344 899 4425 I,
926 4345 998 4424 429)
