3328 5274
788 389 915 456 .-.·76
960 429 1003 438 ..

321 577 511 667 sequantur,
536 583 600 648 iam
617 582 782 666 Forbiger,
809 581 926 648 deinde
941 579 1064 645 Pollius
1079 601 1117 646 ac
1132 567 1464 644 Neumannnss‘vide-

327 695 411 754 runt.
436 686 603 769 Nimirum,
620 685 695 770 quia
710 685 776 750 raa
789 685 920 749 tremulo
932 705 1079 748 concussa
1091 683 1276 747 cachinnent
1287 692 1316 746 et
1326 682 1465 746 lacrimis

327 791 419 854 salsis
440 798 593 856 umectent
615 812 672 852 ora
691 811 858 873 genasque,
876 807 940 853 non
960 796 1126 872 percant
1147 787 1322 873 primordia
1344 807 1460 852 rerum.

328 893 560 958 Gravissimum
584 899 690 957 autem
713 890 795 956 illud
811 897 872 970 est,
897 890 981 974 quod
996 893 1123 955 sle-s
1143 890 1187 956 ad
1202 890 1310 956 omnia
1324 890 1464 954 omnium

327 1016 430 1061 rerum
455 994 631 1080 primordia
664 995 789 1060 valent:
816 997 891 1058 919.
909 997 951 1058 20
968 993 1010 1060 ad
1033 993 1230 1077 ‚animalium
1253 999 1375 1059 tantum
1398 993 1466 1078 pri-

327 1097 452 1164 mordia
473 1098 569 1180 idque
591 1099 765 1164 hominum.
790 1121 834 1145 ”-·-

771 1201 811 1278 V,
839 1201 1018 1265 13911-96.

328 1305 427 1370 Recte
450 1303 528 1368 mihi
550 1303 677 1370 videtur
692 1304 902 1370 Neumannus
927 1303 1118 1369 contendere
1131 1303 1171 1382 V,
1197 1303 1342 1367 1392-’6
1365 1324 1463 1387 prave

328 1409 370 1472 ab
392 1407 620 1492 interpolatore
643 1407 796 1491 repetitos
819 1425 891 1472 esse
914 1427 955 1472 ex
976 1405 1019 1483 ll,
1039 1408 1165 1470 29-33
1188 1405 1318 1472 mutatis
1341 1413 1464 1472 tantum

328 1511 496 1576 verborum
524 1510 730 1594 temporibus.
777 1509 907 1575 Minime
935 1509 1019 1575 enim
1046 1509 1080 1574 hi
1109 1527 1232 1584 versus,
1266 1509 1380 1592 quibus
1401 1515 1466 1574 Lu·

328 1613 446 1678 cretius
468 1612 632 1678 hominum
655 1613 787 1679 modieis
810 1614 905 1678 rebus
928 1619 1146 1678 contentorum
1169 1612 1305 1679 delicias
1327 1613 1461 1698 effingit,

328 1735 411 1798 quae
432 1722 540 1781 tamen
562 1716 733 1800 descriptio
748 1716 853 1800 ipsum
870 1716 1081 1782 Lucretianae
1096 1715 1214 1781 aetatis
1230 1716 1463 1801 cultumsapit,

328 1818 362 1881 in
384 1817 548 1883 hominum
576 1819 702 1885 illorum
733 1818 946 1902 antiquorum,
975 1817 1029 1900 qui
1051 1818 1149 1884 limen
1172 1816 1300 1883 demum
1322 1819 1465 1884 cultioris

327 1921 413 1986 vitae
425 1920 564 2003 ingressi
576 1929 661 1997 suut,
675 1919 892 2004 voluptatibus
904 1919 1125 1986 describendis
1137 1920 1366 1986 accommodati
1377 1929 1462 1987 sunt.

328 2024 374 2088 Ac
397 2023 561 2108 probabile
584 2023 662 2088 mihi
684 2023 810 2088 videtur
840 2023 937 2088 etiam
959 2043 1011 2088 vn.
1040 2026 1132 2088 1399.
1160 2027 1174 2085 l.
1200 2023 1356 2090 insiticios
1378 2043 1485 2094 esse..

328 2124 502 2191 Offendunt
524 2131 619 2204 certe,
638 2126 674 2190 si
697 2125 739 2190 ad
764 2129 858 2189 1491.
885 2127 903 2187 2
927 2125 1120 2210 respexeris.
1146 2163 1189 2171 —

628 2233 630 2238 ’
786 2227 840 2310 vr,
867 2231 1005 2292 251-4.

408 2330 479 2395 ‘Hos
508 2347 619 2396 versus
648 2351 688 2396 ex
709 2331 769 2407 IV,
799 2334 935 2395 170-3
970 2331 1052 2397 falso
1086 2331 1236 2414 repetitos
1271 2350 1343 2396 esse
1372 2331 1462 2397 'idenr

327 2433 536 2501 Nenmannus
559 2440 645 2499 recte
675 2435 840 2517 probavit,
873 2453 945 2499 cum
973 2454 1036 2499 vox
1065 2455 1135 2497 cam
1162 2433 1196 2498 in
1218 2453 1313 2500 versu
1337 2437 1399 2498 255
1421 2432 1464 2500 all

325 2535 407 2600 illud
431 2545 495 2600 tan
516 2537 550 2600 in
574 2540 635 2600 259
659 2537 819 2621 pertinere
841 2537 1064 2602 intellexisset.
1113 2537 1196 2604 Nam
1226 2537 1254 2602 si
1281 2537 1328 2602 illi
1351 2547 1464 2604 versas

326 2638 535 2722 intercedunt,
562 2639 721 2723 particula
746 2649 811 2704 tarn
832 2641 921 2705 nullo
944 2640 1038 2706 modo
1061 2647 1167 2724 potest
1189 2637 1347 2723 intellegi.
1372 2679 1416 2688 —

790 2744 845 2824 VI,
872 2745 945 2808 228.
972 2747 1004 2808 9.

428 2846 556 2910 Transit
578 2845 659 2912 enim
682 2846 821 2910 calidam
833 2847 964 2933 fulmen
980 2869 1042 2930 ρον
1064 2854 1173 2928 saepta
1194 2847 1365 2926 domorum,

424 2949 542 3011 clamor
563 2957 598 3012 nt
620 2971 657 3012 ac
680 2971 777 3026 ncces,
806 2950 919 3014 transit
934 2972 998 3032 ρον
1019 2971 1097 3012 sana
1113 2972 1176 3033 ρον
1197 2972 1281 3013 αονο.

327 3049 394 3114 llos
417 3070 538 3132 versus,
566 3051 620 3133 qui
642 3070 761 3134 magna
784 3072 824 3117 ex
846 3059 936 3135 parte
960 3072 1001 3117 ex
1023 3052 1167 3117 versibus
1190 3053 1214 3133 Ι,
1242 3055 1315 3116 489.
1343 3055 1383 3116 90

426 3154 540 3218 transit
562 3155 643 3218 cnn'nt
655 3156 787 3250 fulmen
810 3155 891 3218 coeli
905 3177 969 3238 ρον
990 3162 1101 3237 saepta
1123 3155 1293 3237 domorum,

297 3333 301 3337 ι
425 3258 601 3321 clamarat
623 3279 660 3320 uc
683 3281 780 3333 acces,
803 3309 808 3322 .
831 3307 866 3322 ..

326 3358 452 3440 repetiti
475 3366 559 3438 sunt,
585 3359 811 3426 Lachmannus
828 3360 880 3425 *sic
902 3359 936 3423 in
958 3377 1056 3424 unum
1079 3341 1255 3425 contraxit:

426 3462 540 3526 transit
563 3463 642 3526 etaim
665 3463 804 3526 calidam
816 3463 948 3548 fulmen
965 3484 1027 3544 ρον·
1049 3484 1138 3538 enan,
1158 3485 1221 3544 ρον·
1243 3479 1328 3526 aera.

328 3563 426 3628 »Nam
448 3585 551 3646 neque
574 3564 738 3631 domorum
762 3574 898 3650 saeptae,
924 3565 1038 3648 inquit,
1066 3572 1145 3629 »tam
1169 3564 1251 3628 dura
1273 3570 1348 3629 sunt
1370 3571 1466 3629 ntea

328 3666 453 3730 fulmini
476 3687 539 3732 non
555 3669 716 3733 obsistas
738 3669 917 3734 mirandum
934 3667 986 3747 sit,
1012 3688 1116 3751 neque
1139 3668 1199 3734 hoc
1223 3688 1262 3732 ca
1284 3666 1399 3732 transit
1420 3667 1467 3730 ita

327 3775 362 3833 ut
384 3769 504 3835 clamor
526 3791 565 3836 ae
588 3790 694 3853 voces,
721 3772 990 3856 sedplerumque
1013 3771 1112 3836 laedit
1134 3777 1166 3836 et
1189 3777 1224 3835 ut
1238 3769 1331 3835 modo
1349 3769 1464 3835 dictum

327 3879 377 3936 est
406 3872 553 3938 accendit
575 3879 614 3938 et
643 3873 677 3938 in
705 3874 838 3940 aedibus
867 3874 1070 3940 dominatur«
1106 3876 1205 3961 (224).
1260 3871 1352 3950 Quae
1380 3879 1492 3938 rectev

327 3973 490 4058 disputata
518 3995 591 4041 esse
620 3995 712 4042 nemo
741 3978 882 4060 negabit.
944 3976 1009 4043 Sed
1038 3977 1121 4042 duae
1150 3983 1223 4041 sunt
1253 3989 1378 4058 causae,
1411 3985 1468 4040 aar

327 4097 388 4160 ego
411 4077 538 4160 quidem
561 4099 603 4144 nc
626 4086 732 4145 cetera
754 4080 881 4161 quidem
897 4081 1031 4146 verbaa
1053 4087 1150 4165 poeta
1173 4079 1291 4164 scripta
1314 4097 1385 4144 esse
1400 4097 1467 4162 pu·

327 4187 402 4244 tem.
436 4181 515 4246 lnde
538 4181 623 4246 enim
646 4183 801 4248 ο219ᾶο
824 4183 968 4248 fulminis
990 4190 1106 4249 natura
1121 4183 1323 4267 expositurus
1339 4182 1465 4265 igneam

328 4303 399 4349 eam
422 4303 495 4350 esse
518 4283 730 4351 demonstrat:
764 4291 791 4348 1.
818 4285 878 4351 hoo
901 4286 1058 4352 declarari
1082 4287 1160 4351 locis
1183 4286 1248 4352 ictu
1270 4285 1386 4350 inustis
1401 4295 1467 4348 ‘no-
