<?xml version="1.0" encoding="UTF-8"?>
<!DOCTYPE html PUBLIC "-//W3C//DTD XHTML 1.0 Transitional//EN"
    "http://www.w3.org/TR/xhtml1/DTD/xhtml1-transitional.dtd">
<html xmlns="http://www.w3.org/1999/xhtml" xml:lang="en" lang="en">
 <head>
  <title>
</title>
<meta http-equiv="Content-Type" content="text/html;charset=utf-8" />
  <meta name='ocr-system' content='tesseract 3.04.00' />
  <meta name='ocr-capabilities' content='ocr_page ocr_carea ocr_par ocr_line ocrx_word'/>
</head>
<body>
  <div class='ocr_page' id='page_1' title='image "./deversibusinluc00gneigoog_0086.png"; bbox 0 0 3312 5280; ppageno 0'>
   <div class='ocr_carea' id='block_1_1' title="bbox 668 400 885 462">
    <p class='ocr_par' dir='ltr' id='par_1_1' title="bbox 668 400 885 462">
     <span class='ocr_line' id='line_1_1' title="bbox 668 400 885 462; baseline -0.009 -14"><span class='ocrx_word' id='word_1_1' title='bbox 668 400 885 462; x_wconf 70' lang='grc'>,81-</span> 
     </span>
    </p>
   </div>
   <div class='ocr_carea' id='block_1_2' title="bbox 203 587 1348 1800">
    <p class='ocr_par' dir='ltr' id='par_1_2' title="bbox 204 587 1348 1080">
     <span class='ocr_line' id='line_1_2' title="bbox 204 587 1347 672; baseline 0 -19"><span class='ocrx_word' id='word_1_2' title='bbox 204 589 285 654; x_wconf 90' lang='lat' dir='ltr'><strong>illud</strong></span> <span class='ocrx_word' id='word_1_3' title='bbox 307 610 378 653; x_wconf 81' lang='lat' dir='ltr'><strong>cere</strong></span> <span class='ocrx_word' id='word_1_4' title='bbox 400 588 435 654; x_wconf 95' lang='lat' dir='ltr'><strong>in</strong></span> <span class='ocrx_word' id='word_1_5' title='bbox 457 606 553 652; x_wconf 88' lang='lat' dir='ltr'><strong>versu</strong></span> <span class='ocrx_word' id='word_1_6' title='bbox 576 590 634 651; x_wconf 79' lang='lat'><strong>271</strong></span> <span class='ocrx_word' id='word_1_7' title='bbox 661 588 744 652; x_wconf 91' lang='lat' dir='ltr'><strong>bene</strong></span> <span class='ocrx_word' id='word_1_8' title='bbox 767 587 886 652; x_wconf 87' lang='lat' dir='ltr'><strong>dictum</strong></span> <span class='ocrx_word' id='word_1_9' title='bbox 910 587 962 666; x_wconf 90' lang='lat' dir='ltr'><strong>sit,</strong></span> <span class='ocrx_word' id='word_1_10' title='bbox 991 587 1045 652; x_wconf 91' lang='lat' dir='ltr'><strong>ubi</strong></span> <span class='ocrx_word' id='word_1_11' title='bbox 1068 588 1165 653; x_wconf 91' lang='lat' dir='ltr'><strong>verbo</strong></span> <span class='ocrx_word' id='word_1_12' title='bbox 1188 588 1291 672; x_wconf 68' lang='lat' dir='ltr'><strong>imoyo</strong></span> <span class='ocrx_word' id='word_1_13' title='bbox 1313 588 1347 653; x_wconf 93' lang='lat' dir='ltr'><strong>in</strong></span> 
     </span>
     <span class='ocr_line' id='line_1_3' title="bbox 207 681 1348 775; baseline -0.001 -19"><span class='ocrx_word' id='word_1_14' title='bbox 207 694 268 756; x_wconf 78' lang='lat'><strong>269</strong></span> <span class='ocrx_word' id='word_1_15' title='bbox 292 689 474 775; x_wconf 87' lang='lat' dir='ltr'><strong>oppositum</strong></span> <span class='ocrx_word' id='word_1_16' title='bbox 497 696 566 766; x_wconf 90' lang='lat' dir='ltr'><strong>est,</strong></span> <span class='ocrx_word' id='word_1_17' title='bbox 591 689 625 754; x_wconf 92' lang='lat' dir='ltr'><strong>in</strong></span> <span class='ocrx_word' id='word_1_18' title='bbox 654 681 823 755; x_wconf 76' lang='lat' dir='ltr'>iteratione</span> <span class='ocrx_word' id='word_1_19' title='bbox 852 709 960 754; x_wconf 88' lang='lat' dir='ltr'><strong>eorum</strong></span> <span class='ocrx_word' id='word_1_20' title='bbox 983 690 1150 755; x_wconf 88' lang='lat' dir='ltr'><strong>verborum</strong></span> <span class='ocrx_word' id='word_1_21' title='bbox 1179 689 1237 753; x_wconf 74' lang='lat' dir='ltr'><strong>illa</strong></span> <span class='ocrx_word' id='word_1_22' title='bbox 1264 691 1348 772; x_wconf 69' lang='lat' dir='ltr'><strong>for-rb</strong></span> 
     </span>
     <span class='ocr_line' id='line_1_4' title="bbox 207 792 1347 878; baseline 0.002 -20"><span class='ocrx_word' id='word_1_23' title='bbox 207 817 285 878; x_wconf 81' lang='lat' dir='ltr'><strong>quae</strong></span> <span class='ocrx_word' id='word_1_24' title='bbox 307 815 378 857; x_wconf 83' lang='lat' dir='ltr'><strong>cere</strong></span> <span class='ocrx_word' id='word_1_25' title='bbox 402 792 669 875; x_wconf 62' lang='lat' dir='ltr'><strong>transponuntur</strong></span> <span class='ocrx_word' id='word_1_26' title='bbox 696 795 736 875; x_wconf 83' lang='lat' dir='ltr'><strong>(v.</strong></span> <span class='ocrx_word' id='word_1_27' title='bbox 756 793 828 876; x_wconf 82' lang='lat'>278)</span> <span class='ocrx_word' id='word_1_28' title='bbox 856 793 1028 858; x_wconf 85' lang='lat' dir='ltr'><strong>molestum·</strong></span> <span class='ocrx_word' id='word_1_29' title='bbox 1049 799 1109 858; x_wconf 86' lang='lat' dir='ltr'><strong>est.</strong></span> <span class='ocrx_word' id='word_1_30' title='bbox 1156 793 1256 860; x_wconf 85' lang='lat' dir='ltr'><strong>Tales</strong></span> <span class='ocrx_word' id='word_1_31' title='bbox 1271 813 1347 860; x_wconf 85' lang='lat' dir='ltr'><strong>vero</strong></span> 
     </span>
     <span class='ocr_line' id='line_1_5' title="bbox 204 895 1348 980; baseline 0 -18"><span class='ocrx_word' id='word_1_32' title='bbox 204 897 406 972; x_wconf 85' lang='lat' dir='ltr'><strong>iterationes,</strong></span> <span class='ocrx_word' id='word_1_33' title='bbox 432 916 564 978; x_wconf 89' lang='lat' dir='ltr'><strong>quarum</strong></span> <span class='ocrx_word' id='word_1_34' title='bbox 588 915 664 980; x_wconf 91' lang='lat' dir='ltr'><strong>pars</strong></span> <span class='ocrx_word' id='word_1_35' title='bbox 687 916 708 961; x_wconf 88' lang='lat' dir='ltr'><strong>a</strong></span> <span class='ocrx_word' id='word_1_36' title='bbox 729 895 803 973; x_wconf 87' lang='lat' dir='ltr'><strong>loci,</strong></span> <span class='ocrx_word' id='word_1_37' title='bbox 828 915 889 978; x_wconf 93' lang='lat' dir='ltr'><strong>quo</strong></span> <span class='ocrx_word' id='word_1_38' title='bbox 912 895 1046 960; x_wconf 82' lang='lat' dir='ltr'><strong>iteratae</strong></span> <span class='ocrx_word' id='word_1_39' title='bbox 1074 903 1160 977; x_wconf 85' lang='lat' dir='ltr'><strong>sunt,</strong></span> <span class='ocrx_word' id='word_1_40' title='bbox 1188 897 1348 962; x_wconf 85' lang='lat' dir='ltr'><strong>sententia</strong></span> 
     </span>
     <span class='ocr_line' id='line_1_6' title="bbox 205 997 1328 1080; baseline -0.003 -15"><span class='ocrx_word' id='word_1_41' title='bbox 205 999 408 1080; x_wconf 84' lang='lat' dir='ltr'><strong>dissentiunt,</strong></span> <span class='ocrx_word' id='word_1_42' title='bbox 433 998 467 1064; x_wconf 91' lang='lat' dir='ltr'><strong>in</strong></span> <span class='ocrx_word' id='word_1_43' title='bbox 490 997 632 1074; x_wconf 87' lang='lat' dir='ltr'><strong>Lucretii</strong></span> <span class='ocrx_word' id='word_1_44' title='bbox 655 998 849 1064; x_wconf 83' lang='lat' dir='ltr'><strong>carminibus</strong></span> <span class='ocrx_word' id='word_1_45' title='bbox 871 1018 934 1064; x_wconf 94' lang='lat' dir='ltr'><strong>non</strong></span> <span class='ocrx_word' id='word_1_46' title='bbox 957 998 1172 1063; x_wconf 88' lang='lat' dir='ltr'><strong>inveniuntur.</strong></span> <span class='ocrx_word' id='word_1_47' title='bbox 1325 1069 1328 1073; x_wconf 60' lang='grc'>,</span> 
     </span>
    </p>

    <p class='ocr_par' dir='ltr' id='par_1_3' title="bbox 205 1099 1346 1391">
     <span class='ocr_line' id='line_1_7' title="bbox 293 1099 1346 1185; baseline 0.002 -21"><span class='ocrx_word' id='word_1_48' title='bbox 293 1100 417 1178; x_wconf 81' lang='lat' dir='ltr'><strong>Quibus</strong></span> <span class='ocrx_word' id='word_1_49' title='bbox 440 1100 482 1165; x_wconf 91' lang='lat' dir='ltr'><strong>de</strong></span> <span class='ocrx_word' id='word_1_50' title='bbox 511 1100 618 1166; x_wconf 88' lang='lat' dir='ltr'><strong>causis</strong></span> <span class='ocrx_word' id='word_1_51' title='bbox 647 1121 720 1166; x_wconf 90' lang='lat' dir='ltr'><strong>cum</strong></span> <span class='ocrx_word' id='word_1_52' title='bbox 748 1119 937 1185; x_wconf 87' lang='lat' dir='ltr'><strong>persuasum</strong></span> <span class='ocrx_word' id='word_1_53' title='bbox 967 1099 1045 1164; x_wconf 90' lang='lat' dir='ltr'><strong>mihi</strong></span> <span class='ocrx_word' id='word_1_54' title='bbox 1073 1099 1115 1165; x_wconf 91' lang='lat' dir='ltr'><strong>sit</strong></span> <span class='ocrx_word' id='word_1_55' title='bbox 1144 1100 1202 1166; x_wconf 94' lang='lat' dir='ltr'><strong>hos</strong></span> <span class='ocrx_word' id='word_1_56' title='bbox 1233 1120 1346 1166; x_wconf 86' lang='lat' dir='ltr'><strong>versus</strong></span> 
     </span>
     <span class='ocr_line' id='line_1_8' title="bbox 205 1201 1344 1289; baseline 0 -20"><span class='ocrx_word' id='word_1_57' title='bbox 205 1203 453 1289; x_wconf 83' lang='lat' dir='ltr'><strong>interpolatione</strong></span> <span class='ocrx_word' id='word_1_58' title='bbox 477 1203 671 1269; x_wconf 86' lang='lat' dir='ltr'><strong>deformatos</strong></span> <span class='ocrx_word' id='word_1_59' title='bbox 695 1222 784 1285; x_wconf 86' lang='lat' dir='ltr'><strong>esse,</strong></span> <span class='ocrx_word' id='word_1_60' title='bbox 811 1203 954 1286; x_wconf 82' lang='lat' dir='ltr'><strong>gaudeo,</strong></span> <span class='ocrx_word' id='word_1_61' title='bbox 987 1201 1071 1284; x_wconf 92' lang='lat' dir='ltr'><strong>quod</strong></span> <span class='ocrx_word' id='word_1_62' title='bbox 1093 1222 1158 1268; x_wconf 90' lang='lat' dir='ltr'><strong>nna</strong></span> <span class='ocrx_word' id='word_1_63' title='bbox 1188 1223 1240 1268; x_wconf 90' lang='lat' dir='ltr'><strong>res</strong></span> <span class='ocrx_word' id='word_1_64' title='bbox 1269 1203 1344 1269; x_wconf 93' lang='lat' dir='ltr'><strong>huic</strong></span> 
     </span>
     <span class='ocr_line' id='line_1_9' title="bbox 205 1305 1027 1391; baseline -0.004 -20"><span class='ocrx_word' id='word_1_65' title='bbox 205 1305 382 1391; x_wconf 86' lang='lat' dir='ltr'><strong>suspicioni</strong></span> <span class='ocrx_word' id='word_1_66' title='bbox 405 1325 592 1372; x_wconf 77' lang='lat' dir='ltr'><strong>succurrere</strong></span> <span class='ocrx_word' id='word_1_67' title='bbox 614 1305 751 1371; x_wconf 89' lang='lat' dir='ltr'><strong>videtur.</strong></span> <span class='ocrx_word' id='word_1_68' title='bbox 799 1306 919 1370; x_wconf 87' lang='lat' dir='ltr'><strong>Versus</strong></span> <span class='ocrx_word' id='word_1_69' title='bbox 942 1305 1027 1371; x_wconf 90' lang='lat' dir='ltr'><strong>enim</strong></span> 
     </span>
    </p>

    <p class='ocr_par' dir='ltr' id='par_1_4' title="bbox 335 1408 1215 1493">
     <span class='ocr_line' id='line_1_10' title="bbox 335 1408 1215 1493; baseline 0.001 -22"><span class='ocrx_word' id='word_1_70' title='bbox 335 1408 400 1472; x_wconf 76' lang='lat' dir='ltr'><strong>illic</strong></span> <span class='ocrx_word' id='word_1_71' title='bbox 423 1431 501 1492; x_wconf 80' lang='lat' dir='ltr'><strong>quoe</strong></span> <span class='ocrx_word' id='word_1_72' title='bbox 523 1409 660 1472; x_wconf 77' lang='lat' dir='ltr'><strong>reddunt</strong></span> <span class='ocrx_word' id='word_1_73' title='bbox 682 1408 877 1492; x_wconf 79' lang='lat' dir='ltr'><strong>speculorum</strong></span> <span class='ocrx_word' id='word_1_74' title='bbox 900 1430 937 1472; x_wconf 76' lang='lat' dir='ltr'><strong>ea</strong></span> <span class='ocrx_word' id='word_1_75' title='bbox 959 1431 1092 1493; x_wconf 78' lang='lat' dir='ltr'><strong>aequore</strong></span> <span class='ocrx_word' id='word_1_76' title='bbox 1114 1408 1215 1472; x_wconf 77' lang='lat' dir='ltr'><strong>visum</strong></span> 
     </span>
    </p>

    <p class='ocr_par' dir='ltr' id='par_1_5' title="bbox 203 1511 1344 1800">
     <span class='ocr_line' id='line_1_11' title="bbox 205 1511 1344 1596; baseline 0 -20"><span class='ocrx_word' id='word_1_77' title='bbox 205 1518 280 1596; x_wconf 87' lang='lat' dir='ltr'><strong>post</strong></span> <span class='ocrx_word' id='word_1_78' title='bbox 303 1513 376 1592; x_wconf 80' lang='lat'><strong>289,</strong></span> <span class='ocrx_word' id='word_1_79' title='bbox 402 1511 456 1576; x_wconf 94' lang='lat' dir='ltr'><strong>ubi</strong></span> <span class='ocrx_word' id='word_1_80' title='bbox 478 1511 512 1576; x_wconf 94' lang='lat' dir='ltr'><strong>in</strong></span> <span class='ocrx_word' id='word_1_81' title='bbox 536 1511 697 1577; x_wconf 89' lang='lat' dir='ltr'><strong>codicibus</strong></span> <span class='ocrx_word' id='word_1_82' title='bbox 720 1517 781 1590; x_wconf 89' lang='lat' dir='ltr'><strong>est,</strong></span> <span class='ocrx_word' id='word_1_83' title='bbox 806 1511 883 1577; x_wconf 83' lang='lat' dir='ltr'><strong>ferri</strong></span> <span class='ocrx_word' id='word_1_84' title='bbox 905 1531 968 1576; x_wconf 94' lang='lat' dir='ltr'><strong>non</strong></span> <span class='ocrx_word' id='word_1_85' title='bbox 984 1517 1100 1596; x_wconf 84' lang='lat' dir='ltr'><strong>potest,</strong></span> <span class='ocrx_word' id='word_1_86' title='bbox 1119 1518 1154 1576; x_wconf 89' lang='lat' dir='ltr'><strong>ut</strong></span> <span class='ocrx_word' id='word_1_87' title='bbox 1169 1511 1344 1596; x_wconf 87' lang='lat' dir='ltr'><strong>interpola-</strong></span> 
     </span>
     <span class='ocr_line' id='line_1_12' title="bbox 203 1613 1344 1698; baseline 0.002 -20"><span class='ocrx_word' id='word_1_88' title='bbox 203 1614 289 1679; x_wconf 91' lang='lat' dir='ltr'><strong>tione</strong></span> <span class='ocrx_word' id='word_1_89' title='bbox 312 1633 370 1679; x_wconf 94' lang='lat' dir='ltr'><strong>suo</strong></span> <span class='ocrx_word' id='word_1_90' title='bbox 392 1615 479 1692; x_wconf 92' lang='lat' dir='ltr'><strong>loco,</strong></span> <span class='ocrx_word' id='word_1_91' title='bbox 505 1635 598 1698; x_wconf 89' lang='lat' dir='ltr'><strong>quem</strong></span> <span class='ocrx_word' id='word_1_92' title='bbox 628 1634 687 1680; x_wconf 92' lang='lat' dir='ltr'><strong>nos</strong></span> <span class='ocrx_word' id='word_1_93' title='bbox 715 1613 907 1697; x_wconf 78' lang='lat' dir='ltr'><strong>indagemus</strong></span> <span class='ocrx_word' id='word_1_94' title='bbox 935 1634 1068 1681; x_wconf 86' lang='lat' dir='ltr'><strong>necesse</strong></span> <span class='ocrx_word' id='word_1_95' title='bbox 1097 1635 1162 1680; x_wconf 95' lang='lat' dir='ltr'><strong>non</strong></span> <span class='ocrx_word' id='word_1_96' title='bbox 1191 1623 1255 1697; x_wconf 90' lang='lat' dir='ltr'><strong>est,</strong></span> <span class='ocrx_word' id='word_1_97' title='bbox 1286 1635 1344 1681; x_wconf 87' lang='lat' dir='ltr'><strong>ex-</strong></span> 
     </span>
     <span class='ocr_line' id='line_1_13' title="bbox 203 1703 1330 1800; baseline 0 -20"><span class='ocrx_word' id='word_1_98' title='bbox 203 1717 315 1800; x_wconf 88' lang='lat' dir='ltr'><strong>pulsus</strong></span> <span class='ocrx_word' id='word_1_99' title='bbox 339 1735 413 1782; x_wconf 90' lang='lat' dir='ltr'><strong>esse</strong></span> <span class='ocrx_word' id='word_1_100' title='bbox 434 1716 593 1784; x_wconf 83' lang='lat' dir='ltr'><strong>videatur.</strong></span> <span class='ocrx_word' id='word_1_101' title='bbox 1323 1703 1330 1714; x_wconf 72' lang='grc'><em>“</em></span> 
     </span>
    </p>
   </div>
   <div class='ocr_carea' id='block_1_3' title="bbox 0 0 1660 5280">
    <p class='ocr_par' dir='ltr' id='par_1_6' title="bbox 0 0 1660 5280">
     <span class='ocr_line' id='line_1_14' title="bbox 0 0 1660 5280; baseline 0 0"><span class='ocrx_word' id='word_1_102' title='bbox 0 0 1660 5280; x_wconf 95' lang='lat' dir='ltr'><strong> </strong></span> 
     </span>
    </p>
   </div>
  </div>
 </body>
</html>
