3312 5280
645 423 941 492 --ῙὲΙ-Ι

6 599 16 628 “
51 641 76 668 ›-
185 631 274 676 esse:
296 630 338 674 ac
361 617 446 675 certo
470 597 598 691 quidem
623 627 690 686 eas
718 627 801 688 quae
824 607 890 672 illis
913 606 1088 672 rationibus
1108 606 1316 687 continentur,

186 733 266 795 quas
288 714 321 777 in
345 734 398 797 pg.
427 716 510 776 7-9
534 711 723 794 significavi.
772 711 957 776 Ceterarum
980 711 1129 775 videntur
1151 710 1229 774 mibi

273 818 358 882 aliae
382 816 485 880 redire
509 815 552 880 ad
575 815 736 880 librarios:
765 814 804 879 de
827 815 942 896 quibus
965 815 1057 878 nobis
1081 812 1242 896 agendum
1258 833 1321 876 non

187 927 245 995 est,
265 921 384 1004 quippe
400 939 483 1001 quae
499 919 563 982 iam
576 939 596 982 a
608 918 815 982 Laclrmanno
832 919 1020 1002 perspectae
1032 939 1070 982 ae
1083 919 1227 982 seclusae
1240 918 1317 995 sint;
1335 959 1339 962 «

272 1024 357 1087 aliae
374 1023 415 1087 ad
430 1024 580 1086 lectorem
597 1021 831 1104 philosophum,
856 1029 891 1085 ut
907 1021 984 1086 satis
1000 1028 1107 1084 notam
1124 1021 1322 1084 Lachmanni

188 1127 454 1208 significationem
477 1145 642 1208 usurpem;

273 1230 358 1294 aliae
381 1229 424 1293 ad
446 1229 600 1293 editorem
624 1227 809 1307 carminum,
837 1227 891 1308 qui
914 1249 964 1307 ea,
991 1249 1062 1292 eum
1083 1227 1228 1310 pluribus
1243 1227 1322 1291 loeis

189 1355 300 1416 parum
324 1333 493 1396 coniuncta
521 1352 593 1396 esse
615 1331 755 1411 videret,
783 1331 832 1395 bis
856 1333 907 1396 vel
937 1331 1003 1394 illis
1026 1332 1172 1395 versibus
1195 1331 1321 1395 insertis

189 1436 389 1502 emendanda
404 1441 485 1500 'esse
508 1436 675 1512 censebat,

275 1540 358 1603 aliae
382 1539 425 1602 ad
448 1539 690 1620 grammaticum
714 1538 871 1618 aliquem,
899 1539 952 1618 qui
976 1538 1118 1602 carmina
1140 1536 1234 1601 modo
1257 1537 1322 1600 suis

190 1643 282 1707 modo
317 1649 431 1725 poetae
465 1643 567 1724 ipsius
602 1641 747 1705 versibus
782 1641 977 1724 amplificare
1012 1647 1044 1704 et
1073 1641 1232 1722 corrigere
1263 1640 1324 1704 sibi

189 1746 368 1810 videbatur.
837 1764 842 1770 ·

736 2009 770 2089 Ι

277 2176 395 2239 Eorum
421 2167 508 2239 'falso
537 2175 738 2256 iteratorum,
773 2194 856 2255 quae
885 2174 1039 2238 lectori
1072 2174 1325 2258 philosopho

192 2279 355 2360 debemus,
382 2279 549 2342 consilium
572 2299 645 2344 oum
668 2298 773 2362 paene
796 2277 941 2342 omuibus
965 2278 1046 2342 locis
1063 2277 1196 2362 indicari
1212 2277 1323 2360 possit,

193 2403 285 2462 nemo
301 2403 340 2447 ea
354 2383 512 2464 retinebit,
538 2383 726 2465 praesertim
743 2403 814 2447 cum
829 2402 869 2446 ne
885 2388 997 2446 auctor
1012 2381 1140 2464 quidem
1157 2382 1323 2463 studuerit,

192 2493 227 2549 ut
243 2505 301 2550 sua
317 2486 538 2550 ‘additamenta
559 2486 662 2570 ipsius
685 2491 800 2569 poetae
825 2505 896 2550 esse
919 2484 1116 2550 uiderentur.
1155 2486 1221 2548 Aut
1242 2485 1327 2550 euim

193 2611 212 2652 a
235 2610 358 2654 conexu
382 2589 612 2654 sententiarum
635 2589 705 2654 eius
728 2589 802 2668 loci,
829 2588 884 2653 ubi
906 2587 1018 2652 addita
1040 2600 1123 2670 sunt,
1150 2589 1247 2673 plane
1268 2589 1328 2653 ab·

193 2693 335 2773 horrent,
362 2699 418 2756 aut
439 2694 607 2757 verborum
631 2691 858 2757 constructioni
881 2699 1071 2774 repugnant,
1098 2699 1133 2756 ut
1155 2691 1215 2755 soli
1238 2693 1329 2757 casui

193 2795 470 2875 tribuendum'sit,
492 2795 525 2860 ¹si
549 2789 598 2876 ea,
626 2815 708 2876 quae
729 2795 785 2859 ille
800 2795 938 2876 margini
955 2795 1182 2878 adscripscrat,
1208 2795 1241 2858 in
1257 2801 1329 2860 tex-

194 2906 260 2962 tum
283 2899 414 2964 detrusa
437 2899 465 2962 ei
489 2899 558 2964 loco
581 2918 622 2963 ex
644 2898 789 2963 omnibus
806 2899 949 2982 partibus
966 2899 1167 2964 conveniant.
1208 2899 1251 2964 Ut
1266 2899 1329 2982 igi-

196 3009 246 3067 tur
268 3023 307 3068 ea
329 3023 522 3081 enumerem,

474 3105 1015 3188 rmemssumem

195 3209 307 3274 addita
329 3215 404 3274 sunt
425 3209 465 3273 ab
487 3209 556 3286 illo,
581 3215 635 3273 »ut
658 3209 839 3274 ostenderet
862 3208 1043 3273 Lucretium
1066 3210 1128 3274 sibi
1151 3210 1327 3291 adversari,

196 3313 251 3394 qui
273 3333 344 3377 oum
367 3311 445 3377 deos
467 3312 616 3377 mortalia
641 3332 704 3376 non
728 3331 839 3376 curare
860 3311 1015 3392 affirmet,
1043 3313 1199 3378 Venerem
1223 3319 1331 3378 tamen

196 3417 353 3482 invocet«,

503 3519 1021 3602 mmmmmm=mr

197 3623 376 3704 dequibus
399 3622 624 3686 Lachmaunus
646 3621 841 3686 haecdicit:
871 3629 1028 3706 »apparet
1040 3623 1129 3688 ,haec
1152 3624 1333 3688 Lucretium

198 3746 261 3790 non
277 3725 455 3809 scripsisse,
483 3725 541 3790 sed
555 3726 653 3789 istum
668 3726 832 3808 lectorem,
850 3746 870 3789 a
885 3746 947 3807 quo
962 3733 1099 3810 poetam,
1124 3727 1178 3791 ubi
1193 3727 1334 3792 incredi-

198 3829 276 3892 bilia
290 3828 418 3893 tradere
441 3827 612 3904 videretur,
638 3829 784 3893 versibus
799 3829 996 3912 interpositis
1013 3830 1154 3894 derisum
1170 3831 1334 3895 intellexi-

199 3951 270 3995 mus
285 3931 319 3994 in
334 3931 415 3996 libro
430 3931 489 4010 Ill,
510 3933 583 3994 412.
604 3933 691 4010 743«,
717 3931 751 3994 in
774 3932 889 4014 quibus
911 3939 1019 3996 tamen
1038 3954 1101 3997 non
1116 3933 1232 3998 iterata
1247 3941 1332 3997 sunt.

473 4035 531 4115 Ill,
559 4037 707 4098 sou-18
736 4037 787 4118 (=
810 4038 848 4116 V,
876 4039 1035 4120 eso-63)

200 4136 290 4200 Idem
313 4137 464 4202 adnotat:
496 4137 593 4203 »baec
617 4138 723 4202 omnia
745 4159 766 4202 a
788 4139 936 4204 Lucretio
959 4139 1011 4204 hie
1033 4141 1154 4224 scripta
1175 4161 1239 4204 non
1262 4159 1335 4225 esse

202 4239 406 4305 manifestum
429 4247 495 4321 est,
527 4240 626 4305 seda
654 4242 774 4306 lectore
803 4242 1008 4324 philosopho,
1039 4243 1092 4324 qui
1123 4243 1182 4307 boc
1211 4263 1336 4324 quoque

202 4349 391 4424 argumento
408 4343 513 4406 exalio
538 4345 607 4406 loco
623 4343 791 4426 desumpto
807 4365 872 4408 rem
889 4343 1053 4408 commode
1069 4344 1222 4408 illustrari
1241 4365 1335 4429 posse
1442 4417 1444 4421 ,
