3312 5280
630 454 848 516 τ65-2.

170 643 248 708 deos
270 641 385 707 referri
414 660 478 706 non
499 659 612 724 posse,
639 639 714 721 quia
737 639 784 704 ira
812 638 906 721 (unde
928 644 1037 704 tamen
1062 639 1136 718 illas
1159 658 1211 705 res
1233 660 1308 726 pro-

169 744 270 811 ticisci
305 743 511 827 cogitandum
544 749 646 822 esset,
684 742 712 807 si
741 741 795 808 dei
828 749 974 808 auctores
1004 745 1136 824 essent),
1173 748 1307 807 naturae

171 867 279 914 eorum
316 853 485 931 repugnet.
539 843 624 922 Quid
661 845 781 928 igitur?
830 846 915 912 Num
952 852 1049 929 putas
1085 864 1197 912 versus
1234 868 1307 909 uam

173 952 246 1016 benc
276 951 331 1035 qui
359 950 495 1014 didicere
523 973 549 1014 e.
583 972 614 1033 q.
648 970 674 1012 s.
713 949 754 1014 ab
791 948 904 1014 eodem
935 947 1082 1014 Lucretio
1116 948 1150 1014 iu
1183 948 1307 1014 duobus

170 1061 202 1120 ct
224 1055 359 1120 multum
380 1053 464 1118 inter
494 1072 530 1126 se
558 1051 778 1118 differentibus
806 1051 885 1118 locis
914 1051 1036 1134 positos
1066 1056 1158 1118 esset
1200 1052 1308 1118 Verba

170 1156 301 1240 quidem
323 1157 354 1220 st'
374 1165 476 1220 tameo
505 1155 626 1220 intereo
653 1155 811 1220 mirantur
839 1177 900 1238 qua
928 1155 1051 1218 ratione
1078 1177 1217 1238 quaeque
1238 1156 1310 1238 perr?

167 1261 311 1343 possint,
331 1259 523 1343 praesertim
549 1259 642 1322 rebus
670 1259 703 1322 iu
731 1258 798 1322 tttu
826 1280 905 1342 quoe
935 1279 1049 1340 supera
1077 1267 1173 1341 capot
1200 1259 1308 1323 aethe·

170 1363 228 1427 riis
251 1371 421 1428 cernuntur
444 1362 477 1425 iu
499 1362 563 1426 oris
590 1362 624 1426 in
647 1369 737 1428 sexto
763 1361 844 1426 libro
866 1361 987 1426 nullum
1010 1361 1116 1428 locum
1139 1360 1304 1438 baberent,

169 1467 290 1551 quippe
305 1466 467 1550 inquibus
483 1465 616 1532 formido
631 1485 736 1531 rerum
752 1485 815 1531 non
831 1465 1055 1546 contineretur,
1081 1471 1306 1548 praeterquam

170 1569 256 1651 quod
278 1570 377 1635 verba
398 1569 490 1634 rebus
511 1569 544 1632 ia
563 1568 629 1632 illc'a
643 1591 722 1654 quoe
736 1591 851 1652 supero
866 1576 963 1652 capul
977 1567 1124 1632 aetheriis
1139 1577 1309 1632 cernuntur

170 1674 205 1735 a'u
227 1673 308 1750 oculs,
334 1673 362 1738 si
385 1673 427 1738 ad
450 1680 553 1736 cetero
576 1694 656 1757 quoe
664 1671 749 1756 fieri
768 1672 802 1734 ia
826 1672 918 1736 terris
937 1672 1082 1755 coeloque
1107 1679 1233 1735 tueatur
1255 1692 1308 1736 re-

161 1775 247 1840 ·ierri
262 1781 405 1860 possent,
429 1795 483 1840 eas
500 1794 561 1857 res,
580 1794 662 1858 quae
679 1778 710 1839 iu
726 1776 816 1840 caelo
831 1774 919 1855 fiant,
938 1774 1026 1840 baud
1041 1774 1196 1859 probabili
1212 1774 1305 1840 modo

172 1884 269 1962 pineta
297 1878 436 1944 efferret.
490 1878 574 1944 Nam
603 1877 638 1942 id
665 1877 789 1961 opinari
819 1897 884 1943 non
911 1877 1028 1962 potuit,
1055 1876 1242 1942 fulminibus
1271 1898 1309 1942 uo

172 1980 341 2047 tonitribus
364 1981 508 2047 homines
537 1980 650 2047 fortius
672 1981 792 2046 moueri
822 2001 917 2064 quam
946 1986 1050 2046 terrae
1079 1979 1233 2062 motibus,
1268 1980 1309 2045 de

171 2084 286 2166 quibus
308 2093 421 2169 postea
443 2084 532 2152 dicit.
556 2121 601 2132 -
1056 2089 1061 2098 '

257 2187 418 2270 Sequitur,
443 2194 478 2254 ut
500 2187 542 2254 de
563 2187 709 2254 versibus

327 2291 405 2375 quid
423 2299 563 2376 nequeat,
576 2291 680 2376 ficita
697 2298 840 2372 potestas
861 2291 992 2374 denique
1014 2290 1124 2375 cuique

327 2415 462 2476 quonam
484 2394 526 2457 sit
547 2393 668 2457 ratione
691 2401 783 2477 atque
805 2393 869 2456 alte
893 2392 1043 2456 terminos
1065 2393 1197 2456 haerens

170 2495 204 2560 in
226 2495 308 2560 libro
330 2496 432 2580 primo
455 2497 505 2562 bis
528 2496 673 2580 repetitis
701 2497 784 2579 (595.
811 2499 842 2576 6,
869 2499 920 2560 76.
947 2498 976 2577 7)
1007 2494 1162 2562 dicamus.
1210 2495 1309 2564 Prae-

172 2599 290 2665 oedunt
311 2607 418 2666 autem
440 2607 574 2683 utroque
597 2601 668 2666 loco
691 2600 790 2665 verba
812 2599 889 2684 quid
902 2599 1008 2683 possit
1030 2598 1123 2678 oriri,
1149 2618 1213 2664 non
1235 2599 1313 2683 quid

172 2711 267 2786 queat
295 2725 374 2784 esse,
410 2711 492 2786 quae
526 2704 560 2768 in
593 2703 705 2786 quinto
733 2703 815 2768 libro
843 2701 1050 2787 praecedunt.
1100 2703 1146 2766 Ac
1172 2701 1313 2786 primunr

171 2803 301 2884 quidem
335 2805 509 2870 Purmanni
542 2805 740 2888 aliorumque
774 2805 951 2886 sententia,
993 2805 1047 2888 qui
1084 2804 1308 2889 repetitionem

172 2905 284 2972 horum
313 2927 466 2974 versuum
491 2928 530 2974 eo
553 2915 726 2987 excusant,
751 2908 836 2990 quod
858 2908 906 2973 eis
929 2915 1016 2973 certa
1046 2907 1204 2991 quaedam
1235 2927 1311 2973 sen-

171 3009 283 3091 tentia,
310 3030 391 3093 quae
407 3011 482 3076 aliis
497 3010 604 3078 verbis
627 3010 789 3076 difficilius
810 3010 945 3095 exprimi
959 3011 1071 3095 possit,
1097 3011 1307 3088 contineatur,

172 3112 277 3176 minus
299 3115 462 3196 probatur,
488 3114 574 3196 quia,
601 3114 628 3179 si
651 3121 769 3186 certam
792 3115 951 3180 notionem
973 3121 1118 3199 repetere
1140 3115 1307 3191 voluisset,
1386 3099 1391 3107 ¹

171 3234 236 3279 non
265 3214 476 3282 dubitandum
505 3225 555 3283 est
581 3217 658 3300 quin
682 3217 779 3282 etiam
802 3216 923 3282 eisdem
946 3217 1063 3300 ubique
1085 3217 1192 3283 verbis
1214 3225 1311 3303 poeta

172 3337 286 3384 usurus
302 3319 408 3386 fuerit.
448 3321 561 3403 Itaque
576 3320 690 3386 mirum
712 3327 809 3401 esset,
835 3320 863 3385 si
878 3341 935 3404 pro
960 3321 1037 3404 quid
1057 3329 1151 3404 queat
1173 3342 1238 3384 esse
1267 3321 1308 3402 (in

171 3421 282 3504 quinto
310 3423 402 3506 libro}
437 3430 532 3507 poeta
561 3424 595 3487 in
624 3424 726 3506 primo
755 3423 832 3508 quiet
856 3423 962 3506 possit
998 3424 1079 3487 orici
1114 3423 1306 3508 scripsisset.

172 3525 242 3589 Iam
271 3546 347 3591 vero
376 3545 584 3609 quaeremus,
620 3545 696 3592 num
730 3533 817 3592 certa
843 3525 1101 3610 interpolationis
1130 3526 1223 3610 signa
1252 3546 1310 3591 en-

171 3634 268 3692 stent.

650 3733 675 3812 1,
704 3737 777 3796 sus.
805 3735 836 3796 o.

259 3832 338 3899 Inde
361 3855 381 3898 a
404 3853 499 3900 versu
521 3835 552 3912 I,
581 3837 643 3898 592
665 3834 700 3899 in
722 3835 885 3900 codicibus
907 3834 987 3900 haec
1010 3835 1177 3918 leguntur:

585 3959 659 4002 ctum
681 3937 711 4000 si
725 3937 905 4020 primordio
927 3959 1032 4002 rerum

318 4041 504 4104 commutati
524 4040 631 4124 aliquo
649 4048 779 4122 poscent
800 4041 922 4104 ratione
945 4040 1071 4116 revicta,

317 4142 469 4206 incertum
492 4142 697 4227 quoquotum
719 4151 838 4206 constet
859 4142 937 4226 quid
951 4143 1056 4225 possit
1077 4141 1166 4218 ort'ru,

318 4244 396 4328 quid
415 4254 559 4329 nequeat,
572 4244 675 4329 finito
691 4253 835 4327 potestus
850 4244 981 4329 denique
997 4244 1106 4329 carique

318 4369 453 4430 quonum
475 4348 518 4412 sr't
538 4348 659 4412 ratione
674 4357 768 4432 atque
783 4349 847 4411 alte
871 4347 1020 4411 temnimus
1040 4346 1181 4425 haerens,

1089 4470 1103 4518 5
