3312 5280
2 4391 5 4516 l

675 447 888 505 -51-

212 653 254 698 ex
269 630 413 697 eiusdem
429 631 666 715 interpolatoris
682 632 810 698 officina
826 633 953 717 prodiit.
994 635 1082 700 Nam.
1094 639 1125 698 et
1140 633 1182 714 Il,
1200 633 1348 696 trs-29

211 741 243 800 et
264 735 302 816 V,
330 739 389 798 441
414 733 622 818 interpolatos
646 754 718 801 esse
740 735 825 800 infra
846 737 999 820 probabo.
1141 750 1142 754 ’

298 837 341 902 Ut
363 855 440 902 vero
461 835 514 902 bic
537 837 658 902 clarum
681 844 746 917 est,
778 837 855 920 quid
884 838 1196 922 ab‘interpolatore,
1229 834 1306 918 quid
1329 855 1349 899 a

211 938 331 1005 lectore
353 939 542 1024 philosopho
564 939 741 1023 profectum
765 941 820 1021 sit,
853 941 900 1006 ila
930 941 1016 1006 haud
1043 940 1156 1026 paucis
1178 939 1258 1004 loeis
1280 937 1349 1002 dis-

212 1042 301 1109 cerni
316 1042 435 1124 nequit,
453 1062 493 1107 cx
509 1049 580 1108 utro
595 1042 681 1108 fonte
696 1043 900 1128 interpolatio
915 1043 1054 1108 fluxerit.
1080 1041 1187 1120 Quare
1199 1062 1240 1106 ne
1252 1060 1348 1124 regu-

212 1145 254 1210 lis
271 1145 436 1229 ponendis,
452 1165 545 1228 quae,
561 1166 633 1210 cum
649 1147 837 1230 plerumque
854 1145 986 1212 definire
1002 1166 1065 1211 non
1076 1146 1248 1230 possimus,
1269 1162 1348 1226 quas

212 1247 352 1338 rationes
374 1247 430 1312 ille
452 1247 552 1312 lector
573 1247 783 1332 philosophus
805 1248 839 1312 in
855 1247 990 1332 singulis
1007 1248 1073 1314 suir
1090 1246 1348 1314 adnotationibus

213 1356 341 1416 secutus
364 1349 414 1431 sit,
441 1367 547 1432 vagae
570 1349 637 1414 fere
659 1358 756 1433 atque
777 1351 919 1416 incertas
943 1351 1007 1416 sint
1025 1369 1158 1417 necesse
1181 1357 1239 1430 est,
1265 1355 1348 1414 tem-

214 1471 273 1534 pus
295 1457 446 1532 teramus,
474 1451 515 1517 ed
530 1451 620 1536 ipsos
636 1471 690 1518 eos
706 1453 802 1534 locos,
829 1473 908 1536 quos
930 1453 1055 1537 spurios
1078 1453 1222 1531 arbitror,
1249 1451 1347 1516 adea-

214 1573 301 1618 mus:
329 1573 460 1635 quorum
484 1553 605 1636 siquis
628 1575 726 1619 unum
749 1552 925 1621 alterumve
948 1555 1059 1620 lectori
1082 1554 1187 1638 potius
1211 1553 1348 1618 tribuere

213 1655 312 1737 volet,
339 1643 420 1720 nihil
442 1656 628 1740 prohibebo,
656 1657 683 1720 si
707 1656 800 1722 modo
822 1656 856 1721 id
879 1657 1090 1738 concesserit,
1117 1656 1292 1740 permultos
1315 1654 1349 1718 in

213 1758 407 1824 carminibus
422 1759 622 1824 Lucretianis
642 1759 779 1824 inveniri
795 1760 882 1825 locos
898 1759 938 1824 de
953 1759 1111 1846 industria
1126 1759 1345 1841 interpolatos.

300 1860 364 1926 Sed
387 1881 458 1926 oum
480 1860 514 1924 id
536 1861 737 1945 potissimum
767 1861 927 1945 agendum
958 1861 1014 1941 sit,
1047 1868 1082 1927 ut
1110 1859 1349 1944 interpolatoris

213 1983 345 2048 operam
367 1963 490 2030 ratione
511 1964 649 2056 quadarn
672 1964 799 2030 ductam
823 1984 896 2030 esse
919 1964 1185 2042 demonstremus,
1212 1962 1348 2027 adeum

214 2067 319 2132 locum
339 2065 492 2148 transibo,
519 2067 574 2149 qui
591 2067 631 2148 ei,
658 2067 713 2150 qui
728 2067 822 2132 modo
839 2073 993 2134 tractatus
1010 2075 1071 2146 est,
1089 2065 1270 2131 simillimus
1286 2072 1345 2129 est.

213 2169 251 2232 In
273 2169 333 2234 hoo
355 2169 467 2235 eodem
490 2169 575 2234 enim
597 2170 679 2236 libro
708 2171 756 2255 (Il)
785 2176 857 2254 post
879 2189 1007 2236 versum
1032 2172 1093 2234 687
1118 2174 1291 2251 sequuntur
1313 2166 1345 2230 in

214 2269 379 2337 codicibus
402 2271 435 2335 hi
457 2291 584 2337 versus:

301 2374 396 2457 quin
418 2375 537 2438 etiarn
554 2375 706 2458 passim
729 2375 884 2438 nostris
906 2375 944 2437 in
967 2375 1148 2438 oersibns
1170 2373 1270 2456 ipsis

301 2479 429 2540 muita
452 2478 648 2565 elementa
669 2477 782 2541 eides
804 2477 942 2541 mattis
965 2477 1180 2540 communia
1202 2475 1344 2553 uerbis,

215 2583 278 2644 690
302 2602 383 2644 cnm
407 2589 533 2644 tamen
555 2580 664 2644 inter
686 2603 723 2644 se
745 2603 881 2644 cersns
903 2603 945 2644 ac
968 2581 1088 2643 uerba
1110 2573 1267 2642 necesse
1290 2587 1350 2642 est

301 2683 535 2767 confiteare
557 2683 623 2747 ntia
646 2705 683 2746 ea
706 2683 778 2748 aliis
801 2692 945 2747 constare
967 2683 1143 2757 elementia·
1207 2713 1208 2716 ¹

301 2807 377 2848 non
400 2807 472 2868 qao
495 2786 619 2850 matta
636 2808 779 2868 param
803 2787 972 2850 commanis
995 2785 1103 2849 littera
1126 2792 1235 2848 currat

302 2897 357 2952 ant
379 2889 468 2951 nnita
490 2888 626 2952 interae
648 2890 709 2952 (tuo
732 2889 854 2953 sinteca
877 2889 1018 2952 omnibns
1039 2888 1130 2968 idem,

302 2991 370 3052 sed
390 2989 484 3073 qnia
505 3011 579 3054 non
609 2991 722 3074 colpe
743 2991 867 3073 paria
896 2991 1070 3055 omnibns
1093 2990 1220 3052 ornain

564 3078 567 3088 ¹
783 3101 979 3156 constent.

217 3195 279 3257 695
303 3193 347 3256 sic
371 3193 443 3256 aliis
465 3194 498 3256 in
521 3194 613 3257 rebus
635 3193 709 3258 item
732 3195 907 3258 communia
927 3195 1027 3258 muita

301 3296 472 3359 mattarum
493 3317 600 3358 rernm
621 3318 690 3359 carn
712 3295 777 3359 sint
792 3296 981 3379 primordia,
1010 3317 1115 3359 rernm

303 3397 451 3462 dissimili
485 3419 574 3462 amen
596 3398 678 3462 inter
700 3421 732 3462 se
755 3400 922 3462 consistere
944 3420 1065 3462 semime

296 3509 451 3583 possant;
479 3508 515 3564 nt
536 3499 646 3564 nterito
670 3521 707 3564 en
730 3500 804 3564 aliis
826 3509 968 3564 constare
979 3502 1116 3585 seratur

302 3601 470 3665 hamanum
490 3624 588 3686 penas
610 3610 641 3665 et
652 3603 771 3688 fragres
793 3603 984 3687 arbustaque
1006 3604 1099 3666 laeta.

522 3706 728 3788 688-(691)
748 3735 791 3760 =
820 3706 845 3786 l,
866 3707 1045 3788 823-(6).

521 3809 658 3891 (692).4
767 3807 865 3888 =II,
892 3809 1039 3890 (336).7.

215 3909 274 3974 Ilst
295 3909 393 3992 igitur
414 3909 500 3974 idem
515 3916 748 3992 argumentum,
776 3917 811 3974 ut
826 3931 877 3976 res
893 3910 1051 3995 permixto
1068 3908 1189 3974 semine
1206 3913 1352 3972 constare

217 4013 381 4096 probetur,
416 4012 468 4077 hic
496 4012 684 4077 adhibitum.
733 4015 890 4080 Aeourate
920 4020 1027 4078 autem
1051 4010 1259 4077 consideratis
1290 4009 1347 4088 eis,

215 4133 299 4196 quae
321 4119 418 4178 antea
439 4121 576 4179 tractata
599 4120 688 4194 sunt,
723 4115 1170 4180 similitudinemlitterarum
1193 4119 1278 4178 recte
1300 4111 1352 4176 hic

217 4214 356 4298 positam
394 4234 466 4281 esse
499 4235 663 4299 negemus.
722 4217 806 4282 Nam
840 4217 1114 4282 demonstraturus
1152 4221 1221 4280 erat
1257 4222 1351 4299 poeta

220 4317 287 4398 (581
301 4318 397 4400 susp),
426 4337 466 4383 ex
488 4319 618 4381 uariis
640 4319 853 4402 peneribas
876 4318 1119 4403 primordiorum
1135 4317 1280 4400 singulas
1300 4335 1351 4380 res

1112 4437 1144 4488 4*
