3312 5280
791 414 1007 475 ..16-

420 604 459 664 59
484 623 542 685 qno
564 623 676 684 eenere
699 600 865 684 inprimis
887 601 987 665 animi
1006 609 1123 666 notura
1145 609 1271 684 repertu
1294 610 1340 666 est

486 705 591 770 nutico
608 707 749 788 primum
771 707 937 770 consistere
960 729 1088 789 corpore
1111 715 1197 769 crete

486 832 542 872 neo
558 831 654 891 posse
676 809 839 872 incolumis
860 831 1009 893 nicenum
1031 811 1147 872 durare
1163 832 1226 891 ,ner
1248 831 1365 889 cenom,

487 914 543 975 scd
563 913 733 988 simulacro
754 913 853 976 solere
875 913 908 974 in
931 913 1045 974 somnis
1057 913 1182 997 fallere
1205 920 1349 988 merstem,

487 1039 612 1078 cernere
635 1038 703 1078 cnm
726 1015 889 1078 uideamur
911 1038 992 1092 euni,
1018 1038 1108 1098 quern
1131 1016 1196 1078 cito
1218 1015 1357 1099 reliquit.
1456 1024 1458 1028 '

418 1119 531 1200 Itaque
560 1117 637 1182 mihi
667 1117 840 1183 verisimile
864 1118 990 1184 videtur
1012 1120 1210 1198 Lucretium,
1244 1140 1315 1183 cum
1343 1119 1468 1183 initium

334 1221 562 1306 disputationis
578 1222 618 1286 de
634 1221 813 1286 simulacris
829 1221 958 1304 faceret,
979 1222 1105 1286 omnino
1120 1222 1313 1305 prooemium
1330 1223 1359 1288 ei
1375 1243 1469 1306 prae-

334 1326 458 1390 mittere
481 1325 632 1390 noluisse.
681 1324 810 1389 Scilicet
839 1324 872 1388 id
896 1344 969 1388 eum
1000 1331 1112 1408 postea
1143 1325 1176 1388 in
1207 1345 1302 1409 opere
1332 1345 1390 1390 suo
1417 1347 1469 1391 re-

334 1428 495 1494 censendo
517 1428 673 1492 facturum
696 1427 812 1508 fuisse,
839 1427 1026 1511 praesertim
1056 1449 1128 1493 cum
1159 1447 1210 1492 res
1239 1428 1273 1492 in
1302 1429 1468 1494 tractando

334 1539 447 1596 auctae
461 1531 524 1615 ipsi
541 1550 612 1596 esse
628 1529 821 1611 viderentur,
840 1530 1024 1596 concedam.
1058 1531 1211 1595 Versibus
1227 1551 1301 1595 vero
1317 1532 1343 1614 I,
1363 1535 1466 1594 926-

336 1639 375 1697 50
392 1654 464 1699 eum
480 1641 547 1698 tum
568 1654 699 1698 usurum
722 1634 822 1698 fuisse
842 1654 913 1698 cum
929 1633 1135 1698 Lachmanno
1151 1633 1358 1699 vehementer
1372 1655 1466 1718 nego.

335 1736 373 1800 ld
396 1737 493 1818 igitur
515 1737 723 1820 prooemium,
748 1736 832 1818 quod
854 1757 937 1802 nunc
961 1737 994 1800 in
1017 1735 1180 1802 codicibus
1196 1741 1311 1818 exstat,
1338 1745 1469 1821 aposta

336 1861 398 1904 non
422 1846 472 1906 est
494 1840 650 1905 additum.

421 2048 489 2110 Iam
512 2067 588 2111 vero
612 2046 837 2128 quaerentibus
858 2046 967 2124 nobis,
999 2067 1104 2128 aquo
1133 2047 1309 2130 profectum
1338 2048 1395 2130 sit,
1428 2049 1470 2112 ad

335 2151 467 2214 alteram
490 2149 700 2231 iterationem,
727 2170 809 2231 quae
831 2150 865 2213 in
888 2149 979 2214 initio
1002 2151 1105 2232 quarti
1127 2150 1201 2214 libri
1224 2151 1386 2216 codicibus
1403 2157 1469 2214 tra-

337 2252 430 2334 ditur,
458 2251 694 2336 respiciendum
710 2260 769 2317 est.
807 2252 958 2334 Legimus
975 2253 1059 2317 enim
1074 2253 1149 2318 inde
1166 2273 1297 2318 eversu
1313 2256 1353 2315 42
1370 2253 1464 2318 haec:

493 2343 575 2418 Dico
598 2355 698 2439 iqitnr
719 2378 825 2419 rernm
848 2357 973 2441 efficias
998 2357 1155 2440 tenuisque
1165 2357 1296 2442 fientes

491 2459 609 2521 mittier
631 2461 669 2522 ab
691 2461 791 2540 rebus,
818 2481 935 2522 summo
958 2461 996 2522 de
1019 2483 1147 2542 corpore
1170 2482 1275 2524 rernm
1286 2462 1321 2543 ¹).

493 2562 528 2624 id
549 2562 621 2625 licet
642 2563 714 2625 ilino
736 2563 877 2646 quamuis
898 2563 1001 2626 hebeti
1021 2585 1201 2646 coenosoerc
1224 2564 1325 2626 corde.

424 2669 463 2726 45
491 2666 712 2749 sedquoniam
735 2666 835 2744 docui,
862 2675 1045 2729 cunctorum
1069 2666 1198 2730 ceordic
1219 2688 1324 2730 rernm

492 2769 600 2851 qualia
622 2768 686 2830 sint
708 2776 739 2831 et
760 2789 854 2852 qnam
876 2768 973 2831 curiis
994 2769 1146 2832 distantia
1157 2769 1280 2853 formis

492 2879 601 2952 sponte
624 2893 682 2933 sna
704 2871 834 2934 volitent
856 2879 981 2934 aeterno
1001 2871 1125 2954 percite
1146 2880 1232 2934 rnotn

476 2995 591 3058 'qnooe
612 2976 701 3037 niodo
718 2961 845 3056 possini
866 2996 916 3037 res
939 2997 977 3038 ecc
998 2975 1047 3037 iis
1070 2997 1209 3059 quaeque
1231 2974 1344 3056 cuceri,

491 3099 573 3140 nnnc
596 3099 690 3159 aqere
711 3076 860 3160 inscisione
883 3076 948 3157 tibi,
975 3078 1060 3161 qnod
1073 3086 1228 3142 oemcnter
1243 3079 1288 3140 ed
1299 3077 1359 3140 ltus
1373 3098 1424 3140 res

425 3184 465 3243 50
492 3181 613 3260 attinet,
640 3203 705 3243 esse
727 3203 773 3261 ea,
800 3204 880 3265 quoe
901 3203 1007 3244 rernm
1029 3182 1200 3246 simulacre
1222 3204 1377 3260 oocurnns,

494 3307 571 3367 quoe
594 3285 686 3367 quusi
705 3285 974 3370 membraneo-oei
994 3294 1100 3348 eorico
1122 3285 1378 3362 nominitnnebst,

495 3389 578 3471 qnod
597 3388 729 3471 speciem
751 3412 788 3451 cc
800 3390 949 3473 formano
969 3388 1103 3452 'similent
1123 3389 1207 3473 ecrit
1224 3389 1295 3458 ¹eins
1317 3389 1430 3472 imoqo,

493 3491 710 3575 cuiuscumque
732 3491 814 3554 cluet
836 3492 875 3554 de
898 3513 1026 3574 corpore
1038 3493 1123 3576 fuso
1145 3492 1265 3576 coenni.

490 3595 647 3677 prinoc'pio
671 3594 816 3679 qnoniam
839 3594 968 3658 mittunt
989 3594 1023 3657 in
1045 3597 1136 3659 rebns
1158 3595 1276 3678 opertis
1309 3619 1336 3658 e.
1357 3619 1386 3680 q.
1406 3618 1432 3660 s.

620 3701 746 3762 45—-48
769 3711 812 3754 ’--.
833 3699 892 3780 ΙΙΙ,
920 3701 1046 3762 31-34
1074 3699 1121 3782 (31
1148 3700 1187 3783 et)
1285 3753 1287 3756 .

621 3804 749 3864 clu-50
771 3830 813 3854 =
834 3801 888 3882 IV,
922 3803 1059 3864 29-30.

339 3905 458 3970 Versus
488 3903 563 3968 inde
586 3923 606 3968 a
628 3908 668 3966 45
691 3901 801 3985 'usque
830 3903 872 3968 ad
896 3907 935 3967 53
967 3923 1005 3968 eo
1033 3923 1095 3985 quo
1118 3904 1268 3986 leguntur
1297 3903 1366 3967 loco
1397 3901 1471 3966 ferri

339 4029 402 4072 non
425 4027 520 4092 posse
543 4014 688 4090 apparet.
735 4006 849 4088 Neque
871 4007 954 4071 enim
978 4009 1104 4069 51-53
1128 4006 1305 4090 perfectum
1325 4005 1473 4070 enuntia-

411 4163 426 4223 ¹)
449 4160 487 4225 id,
509 4163 583 4229 quod
602 4162 712 4215 codices
731 4161 835 4215 habent
851 4179 950 4214 sisinnio
969 4162 1000 4213 de
1019 4163 1144 4214 cortice
1169 4179 1279 4213 eornm
1298 4159 1472 4214 librariorum

339 4249 436 4315 culpae
460 4247 571 4302 videtur
596 4247 700 4301 deberi.
739 4247 809 4300 Nam
832 4247 855 4299 si
881 4248 1077 4313 interpolatum
1102 4252 1190 4311 esset,
1217 4252 1293 4301 certe
1318 4245 1473 4312 legeremus

340 4352 452 4387 earum.
