3312 5280
286 1371 369 1482 Duo
392 1437 513 1500 genera
538 1437 688 1482 versuum
711 1416 899 1482 iteratorum
929 1417 970 1480 ab
993 1416 1084 1480 initio
1106 1417 1336 1500 distinguenda

200 1526 293 1585 sunt:
325 1520 460 1584 alterum
484 1541 608 1601 eorum,
635 1519 689 1602 qui
710 1541 751 1585 ex
772 1520 845 1603 ipsa
867 1519 938 1584 eius
964 1539 1101 1604 poeseos
1129 1527 1246 1586 natura
1274 1521 1335 1585 orti

198 1629 283 1704 sunt,
310 1623 364 1688 ubi
386 1624 544 1706 leguntur,
571 1624 660 1688 velut
689 1623 722 1688 in
752 1622 853 1707 epicis
883 1622 1078 1688 carminibus
1107 1623 1331 1707 popularibus;

198 1726 333 1792 alterum
356 1726 498 1792 continet
520 1745 585 1807 eos,
612 1727 666 1808 qui
689 1733 776 1792 certo
799 1725 933 1791 consilio
953 1731 1102 1807 certaque
1118 1729 1188 1790 a'rte
1203 1748 1223 1791 a
1238 1733 1335 1810 poeta

66 1861 70 1879 ·
198 1829 306 1895 iterati
318 1837 403 1895 sunt:
419 1829 510 1894 onius
522 1830 649 1912 generis
662 1850 783 1912 omnes,
798 1849 881 1912 quae
893 1828 926 1893 in
935 1829 1057 1893 Horatii
1071 1829 1265 1894 carminibus
1277 1850 1336 1895 ex-

199 1940 293 2015 stant,
313 1933 499 1998 iterationes
515 1953 587 1998 csse
604 1932 829 2008 Lachmannus
845 1933 879 1996 in
894 1932 1051 2016 Philolog.
1065 1933 1091 2015 I,
1111 1937 1171 1996 166
1187 1939 1332 1998 testatur.

283 2037 352 2100 Iam
381 2036 409 2100 si
431 2036 572 2101 Lucretii
599 2035 742 2102 carmina
770 2057 840 2100 cum
863 2034 966 2100 Iliade
996 2036 1048 2101 vel
1072 2033 1220 2119 Odyssea
1249 2056 1336 2100 com-

198 2139 428 2224 paraverimus
456 2160 527 2203 cum
550 2160 590 2204 ea
612 2140 682 2204 sola
703 2139 884 2204 intercedat
906 2138 1091 2219 similitudo,
1118 2139 1203 2220 quod
1222 2139 1336 2204 eodem

198 2249 332 2325 utraque
355 2249 456 2307 metro
479 2242 656 2326 composita
686 2249 776 2322 sunt,
808 2263 850 2306 ne
879 2241 1065 2307 iterationes
1096 2241 1225 2324 quidem
1254 2243 1336 2308 tales
1422 2327 1424 2334 Ι

198 2346 285 2430 apud
306 2346 396 2409 illum
411 2346 575 2410 inventum
590 2346 631 2410 iri
646 2345 915 2429 exspectabimus,
942 2346 1054 2428 quales
1070 2344 1103 2408 in
1119 2345 1248 2411 Homeri
1264 2367 1337 2411 uar-

199 2450 337 2515 minibus
360 2456 537 2529 occurrant,
565 2450 699 2515 sedeas
723 2451 827 2533 solas,
854 2470 938 2532 quae
965 2450 998 2513 in
1021 2449 1200 2515 hexametri
1223 2457 1338 2516 natura

199 2554 322 2640 positae
345 2553 420 2619 sint.
467 2553 549 2619 Nam
572 2553 657 2636 quod
680 2573 778 2637 saepe
800 2573 841 2618 ne
863 2553 949 2637 apud
973 2548 1088 2637 prosae
1111 2552 1239 2636 quidem
1262 2575 1337 2620 ora-

198 2657 293 2722 tionis
309 2657 480 2741 scriptores
496 2656 683 2740 diligentius
695 2657 849 2723 evitatum
862 2656 1032 2738 cernimus,
1048 2662 1083 2720 ut
1094 2655 1251 2738 quasdam
1264 2677 1337 2722 ver-

198 2762 307 2826 borum
324 2761 561 2826 coniunctiones
576 2761 610 2824 in
625 2761 749 2826 deliciis
764 2760 916 2842 habeant,
932 2760 966 2824 id
977 2760 1082 2824 minus
1094 2758 1226 2824 offendit
1241 2761 1275 2825 in
1290 2761 1338 2826 eis

199 2864 373 2949 poematis,
408 2884 509 2946 quae,
543 2864 571 2929 si
600 2864 743 2929 eiusdem
766 2883 878 2929 versus
901 2863 1139 2929 continuatione
1162 2865 1339 2948 composita

199 2975 283 3049 sunt,
310 2968 344 3032 in
358 2955 464 3034 verbis
480 2967 644 3032 variandis
663 2973 779 3051 poetae
795 2987 931 3050 magnas
947 2966 1153 3032 difficultates
1168 2969 1333 3052 praebent.

198 3071 333 3138 Accedit
347 3091 550 3136 numerorum
573 3071 633 3152 vis,
653 3091 726 3153 qna,
753 3090 836 3152 quae
852 3070 922 3153 quis
938 3071 1039 3136 semel
1054 3071 1223 3154 expressit,
1241 3070 1338 3138 facile

198 3175 232 3239 in
249 3175 402 3240 memoria
417 3175 561 3255 haerent,
587 3174 634 3239 ita
656 3180 701 3252 ut,
728 3174 756 3239 si
778 3173 905 3256 quando
922 3174 1007 3239 idem
1024 3174 1267 3258 exprimendum
1282 3175 1334 3258 sit,

199 3276 312 3342 eodem
337 3298 450 3343 versus
479 3279 548 3342 loco
579 3277 701 3343 eisdem
728 3276 835 3344 verbis
865 3283 983 3342 utatur.
1031 3276 1123 3342 Unde
1154 3277 1251 3342 etiam
1278 3297 1338 3344 eae

198 3380 386 3446 iterationes
409 3380 564 3464 originem
587 3380 762 3463 duxerunt,
795 3400 875 3464 quas
897 3380 932 3444 in
954 3380 1148 3446 Graecorum
1171 3387 1337 3464 poetamm

199 3483 391 3566 tragicorum
413 3483 566 3549 diverbiis
588 3505 652 3548 non
674 3504 795 3568 paucas
818 3483 966 3567 legimus.
1006 3485 1121 3565 Itaque
1142 3484 1177 3548 in
1197 3485 1338 3550 Lucretii

199 3586 393 3652 carminibus
416 3587 573 3652 eiusmodi
600 3587 717 3652 iterata
747 3587 826 3652 satis
854 3588 957 3652 multa
983 3587 1049 3670 legi
1077 3608 1141 3652 non
1172 3587 1335 3653 miramur.

199 3690 245 3755 Ac
267 3690 441 3775 praecipue
469 3691 595 3756 initium
618 3712 769 3756 versuum
797 3711 900 3774 usque
930 3691 974 3756 ad
1003 3710 1171 3756 caesuram
1201 3690 1338 3775 penthe-

198 3793 363 3859 mimerem
379 3801 411 3859 et
426 3795 573 3860 clausula
595 3794 747 3860 memoria
762 3801 920 3860 tenentur.
961 3795 1004 3860 Ut
1018 3794 1174 3860 nonnulla
1189 3795 1339 3878 exempla

199 3896 333 3962 afferam
342 3899 377 3981 ¹),
398 3898 514 3963 hahes:
533 3898 633 3960 malta
648 3898 747 3960 modis
762 3897 869 3960 maltis
885 3898 911 3979 I,
929 3901 1003 3961 341.
1022 3898 1064 3979 H,
1085 3901 1159 3960 654.
1177 3897 1232 3976 IV,
1253 3901 1334 3974 725,

199 3997 283 4062 illud
296 3999 329 4061 a'ra
344 3999 393 4062 bis
408 4002 499 4064 rebus
514 4001 541 4082 I,
561 4002 614 4063 80.
630 4003 703 4063 370.
727 4003 818 4064 1052.
837 3999 879 4082 ΙΙ,
901 4002 974 4063 308.
992 4000 1051 4082 ΠΙ,
1070 4002 1145 4062 370.
1164 3998 1218 4080 VI,
1241 4002 1335 4062 1056.

201 4105 301 4182 12303
329 4103 433 4166 omnia
452 4112 609 4187 postremo
625 4104 668 4185 Π,
688 4106 762 4167 408.
789 4106 869 4184 456;
896 4103 930 4166 ia
952 4111 1080 4166 canctus
1102 4101 1240 4186 undique
1256 4124 1339 4184 par-

201 4205 241 4268 tis
263 4205 296 4286 I,
333 4209 425 4270 1007.
457 4207 505 4288 Π,
532 4209 585 4269 93.
615 4210 686 4270 131.
712 4208 767 4288 IV,
796 4209 875 4286 725;
908 4208 994 4291 qaod
1018 4205 1114 4269 inane
1142 4226 1287 4268 vocamus
1308 4206 1335 4285 Ι,

270 4379 287 4443 ¹)
309 4393 405 4431 omnes
423 4379 501 4432 locos
521 4379 654 4446 colligere
672 4377 758 4432 nolui.
