3312 5280
651 389 866 450 ..43-

191 577 219 640 si
241 575 370 642 omnino
385 596 406 640 a
420 575 570 640 Lucretio
592 574 718 640 oriundi
734 582 817 655 sunt,
844 583 918 660 post
939 579 1002 642 305
1025 577 1181 660 ponendi;
1209 577 1327 644 deinde

190 679 411 743 desideramus
433 677 601 760 quaedam,
627 679 742 761 quibus
764 678 804 744 de
819 687 924 745 terrae
938 680 1037 744 totius
1052 681 1142 745 caelo
1158 681 1327 764 oppositae

189 782 382 868 mortalitate
401 781 521 846 dictum
537 783 590 847 sit.
623 781 746 858 Quibus
760 783 929 866 perpensis
945 782 1051 848 facere
1070 783 1125 848 vix
1140 802 1324 867 possumus,

190 885 266 966 quin
290 887 474 949 261-305
497 893 611 968 poetae
633 905 697 949 non
720 905 791 950 esse
815 893 1008 961 statuamus,
1042 906 1113 950 cum
1136 887 1325 970 praesertim

189 975 520 1052 66661566273-80
547 987 662 1054 deletis
684 1007 749 1070 eos,
780 989 815 1052 in
844 987 959 1070 quibus
988 988 1028 1052 de
1055 988 1184 1052 mortali
1212 995 1329 1054 natura

190 1110 296 1173 aquae
319 1097 351 1156 et
371 1090 457 1173 ignis
479 1097 605 1174 agatur,
630 1090 787 1156 delendos
809 1110 883 1156 esse
905 1097 1071 1172 sequatur:
1103 1112 1178 1156 nam
1200 1091 1242 1157 de
1264 1092 1323 1172 cis,

188 1194 221 1258 in
245 1193 362 1274 quibus
384 1193 425 1260 de
446 1201 532 1258 terra
554 1193 668 1275 agitur,
695 1195 792 1287 paulo
813 1193 906 1260 aliter
928 1193 1133 1260 statuendum
1157 1213 1229 1260 6666
1251 1215 1327 1262 mox

189 1295 368 1380 apparebit.

275 1399 326 1463 Ad
348 1397 407 1462 hos
434 1398 482 1480 (V,
502 1399 659 1478 nst-60)
687 1417 772 1463 nunc
787 1405 1001 1465 transeamus.
1041 1399 1180 1464 Primum
1196 1400 1327 1464 illudio

189 1502 239 1564 luis
267 1503 466 1583 6606661247)
494 1500 588 1566 aliter
615 1508 804 1584 usurpatum
832 1508 1003 1584 astatque
1032 1502 1147 1568 ceteris
1173 1503 1327 1568 carminis

189 1605 284 1682 locis,
310 1603 428 1670 deinde
450 1623 563 1670 versus
586 1607 735 1668 257-60
758 1605 1144 1670 616611616666251-8
1164 1605 1325 1670 coniuncti

189 1705 396 1772 difficultates
418 1707 587 1790 praebent.

274 1811 379 1891 Atque
400 1809 483 1874 illud
508 1811 590 1892 (247)
617 1810 756 1893 pertinet
784 1810 828 1874 ad
856 1812 942 1894 qaod
968 1819 1085 1874 terram
1106 1819 1199 1894 atque
1221 1811 1326 1893 iqacrn

189 1913 336 1976 mortalia
357 1913 478 1996 sampsi
497 1935 563 1976 esse
584 1936 610 1976 e.
637 1936 667 1996 q.
693 1936 734 1992 6.,
766 1913 809 1978 ad
835 1921 956 1978 certam
984 1913 1082 1996 igitur
1110 1933 1193 1994 rem,
1226 1933 1324 1994 quam

187 2022 285 2098 poeta
305 2015 370 2080 iam
392 2015 515 2098 tetigit:
547 2016 693 2080 omnibus
715 2015 830 2081 ceteris
856 2016 936 2080 locis
959 2016 1043 2080 iilud
1068 2016 1201 2097 (scilicet
1221 2016 1255 2084 iu
1278 2016 1326 2082 si-

189 2119 257 2184 mili
280 2119 510 2201 coniunctione)
537 2119 580 2184 ad
602 2138 721 2183 novum
743 2117 898 2200 quiddam
920 2125 1059 2202 spectat:

297 2221 323 2300 Ι,
351 2223 391 2286 80
414 2221 734 2285 irradiatorem
756 2245 875 2298 vercor,
899 2245 938 2285 rae
949 2223 1044 2307 forte
1066 2223 1166 2287 rcara'c

411 2323 499 2406 inpia
523 2324 706 2388 terradionis
728 2325 810 2387 irrire
832 2325 994 2388 elementa.

188 2426 219 2501 I,
247 2428 320 2490 370.
349 2431 441 2490 1052.
472 2427 521 2507 ΙΙ,
549 2428 623 2490 308.
655 2427 720 2508 ΠΙ,
747 2429 821 2490 319.
855 2429 928 2490 310.
955 2430 1028 2514 000.
1062 2429 1117 2506 IV,
1144 2430 1218 2493 256.
1245 2431 1320 2493 822.

189 2530 262 2594 aas.
288 2529 326 2609 v,
353 2533 427 2594 666,
455 2532 548 2594 1091.
573 2529 628 2608 vr,
657 2533 751 2594 rosa.
780 2532 907 2612 66666.
1009 2517 1012 2521 ’

232 2633 273 2712 Π,
303 2635 362 2696 181
385 2635 480 2696 Nurac
502 2633 588 2696 locus
610 2640 668 2710 est,
692 2641 729 2696 ut
743 2632 865 2715 opinor,
888 2632 922 2694 r'rr
936 2629 986 2696 lois
1000 2633 1084 2696 illud
1097 2655 1217 2718 quoquc
1231 2637 1326 2698 rebus

385 2735 569 2816 corfirmurc
593 2735 659 2815 tibi,
684 2736 805 2798 nullom
826 2758 892 2799 rem
908 2758 1004 2818 posse
1025 2759 1083 2800 auu
1105 2736 1139 2800 oi

386 2860 568 2920 corporeum
589 2859 712 2902 sursum
724 2839 820 2923 ferri
839 2861 1023 2924 sursumque
1044 2861 1158 2904 meare.

187 2941 229 3016 Π,
257 2943 330 3004 216.
356 2939 398 3020 II,
426 2943 483 3004 581
517 2941 580 3020 (IV,
608 2943 681 3004 858.
707 2941 747 3018 V,
773 2944 847 3004 590.
872 2941 931 3022 ΙΙΙ,
958 2943 1100 3022 75611,
1127 2945 1216 3024 034).

273 3043 400 3109 Deinde
414 3062 527 3110 versus
540 3043 578 3123 V,
594 3047 743 3108 257-60
757 3044 937 3108 accuratius
952 3043 1201 3110 consideremus.
1234 3043 1324 3122 Quo-

187 3166 256 3210 rum
280 3145 308 3210 si
330 3145 498 3212 lectionem
520 3144 683 3212 codicibus
705 3145 856 3210 traditam
879 3145 1052 3228 sequimur,
1078 3145 1158 3210 baec
1180 3152 1269 3212 sunt:

310 3256 480 3330 praetcrea
498 3269 560 3330 pro
576 3257 674 3330 parte
695 3270 753 3311 aaa
775 3249 860 3332 qaod
879 3269 1008 3331 cumque
1029 3247 1089 3311 alit
1110 3256 1204 3332 auqct

316 3351 469 3416 redditur.

188 3451 280 3528 Quod
302 3453 528 3518 Lachmannus
551 3453 621 3516 alid
641 3453 787 3518 Lambini
810 3453 1024 3518 coniecturam
1047 3458 1134 3518 reete
1154 3452 1324 3534 amplexus

187 3555 233 3618 ita
255 3555 483 3638 interpretatus
507 3562 571 3620 est:
599 3554 687 3636 quod
708 3555 790 3622 alias
812 3574 865 3620 rcs
887 3561 995 3638 auget,
1020 3553 1055 3620 id
1076 3574 1134 3638 pro
1154 3573 1213 3618 sua
1229 3560 1324 3638 parte

258 3694 274 3756 ¹)
296 3691 376 3746 Unus
392 3699 437 3746 est
454 3693 541 3748 locus,
561 3692 609 3761 qui
627 3693 716 3761 prima
734 3691 828 3760 specie
846 3705 1002 3759 repugnare
1020 3690 1164 3744 videatur:

291 3777 327 3839 ΙΙ,
344 3779 395 3828 801
418 3777 487 3830 illud
503 3778 532 3830 in
549 3778 591 3832 aa
608 3777 692 3847 r'qr'tur
708 3778 785 3830 rebus
801 3776 950 3830 merminiaco
968 3777 1067 3829 docebit

418 3881 471 3915 oon
489 3880 521 3915 ex
537 3862 658 3916 omnibus
675 3863 792 3926 omnino,
812 3880 989 3931 quaecumque
1007 3867 1168 3925 ercamrao,

418 3949 512 4002 6666616
529 3955 554 4001 et
571 3948 699 4016 6660666616
720 3967 761 4001 mc
777 3948 855 4018 qiqni
871 3949 960 4002 dicere
976 3965 1076 4011 666666,

419 4035 465 4086 sed
482 4035 575 4103 moqm'
591 4037 694 4104 referre
712 4053 734 4086 e.
756 4053 781 4104 q.
801 4051 822 4086 a.

189 4118 229 4171 At
248 4119 396 4172 rnanr‘niseo
413 4135 469 4172 non
488 4120 611 4188 pertinet
628 4119 665 4172 sd
682 4119 828 4188 quiddam,
855 4119 890 4173 dc
914 4133 970 4186 qno
993 4118 1047 4171 iam
1072 4117 1156 4178 dixit3
1182 4117 1232 4170 sed
1254 4132 1324 4170 con·

188 4204 282 4258 fitetur
308 4220 379 4273 opus
406 4220 468 4258 esse
492 4205 521 4257 in
546 4211 608 4259 tota
631 4218 713 4272 quam
737 4204 920 4258 instituturus
943 4203 981 4256 sit
1006 4202 1172 4271 quaestione
1189 4202 1324 4255 memoris

188 4297 281 4344 tenere
298 4289 338 4352 id,
358 4290 434 4358 quod
452 4291 508 4344 iam
526 4289 653 4344 dicturus
671 4295 723 4342 est.
