3312 5280
813 417 1029 477 „50-

355 626 419 689 quo
439 606 569 691 plumae
589 605 682 688 ipsae
697 603 839 686 aliquam
854 603 1061 668 mutationem
1075 605 1217 687 capiant,
1241 605 1300 670 sed
1315 605 1390 686 quia
1404 608 1505 671 reelo'

355 717 413 775 aut
433 707 562 790 obliquo
584 705 704 771 lumine
725 705 918 788 refulgeant.
960 706 1071 771 Altera
1092 725 1170 772 vero
1192 725 1291 772 eausa
1311 707 1346 771 in
1368 707 1491 773 eisdem

355 831 434 900 quos
462 810 557 876 modo
585 808 716 874 laudavi
738 809 883 874 versibus
906 809 969 874 sita
990 817 1051 898 est.
1089 811 1175 875 Nam
1198 811 1226 875 si
1247 812 1313 876 iam
1333 819 1428 878 antea
1450 811 1492 877 de

354 917 494 982 colorum
523 913 698 978 mutatione
728 912 879 993 dixisset,
912 913 991 978 satis
1020 914 1134 978 mirum
1157 914 1271 980 fuisset
1299 923 1428 999 poetam
1457 916 1492 980 in

353 1019 499 1086 versibus
512 1015 679 1101 proximis,
697 1035 769 1080 cum
784 1015 920 1081 eandem
936 1035 1003 1080 rem
1018 1023 1175 1100 tangeret,
1199 1018 1347 1102 exempla
1361 1018 1489 1094 afferre,

353 1129 516 1203 umquam
545 1118 574 1186 si
602 1117 682 1183 haec
711 1137 763 1184 res
793 1137 925 1202 prorsus
954 1139 1038 1184 nova
1066 1128 1376 1185 commemoraretur.
1423 1121 1491 1185 Hoc

354 1244 393 1290 eo
415 1223 451 1289 lit
471 1223 540 1289 veri
562 1221 763 1298 dissimilius,
787 1220 873 1304 qnod
894 1241 1007 1288 versus
1030 1224 1223 1303 795-816,
1254 1223 1318 1288 nisi
1340 1222 1445 1302 fallor,
1471 1244 1492 1288 a

355 1333 451 1411 poeta
472 1333 547 1391 ante
570 1327 730 1388 757-94
754 1324 863 1408 scripti
888 1331 972 1390 sunt.
1018 1325 1102 1390 Nam
1124 1326 1222 1391 verba
1251 1326 1307 1407 (ΙΙ,
1335 1329 1484 1408 757-9,

478 1437 649 1512 praeterea
669 1427 700 1490 ai
718 1427 809 1490 aella
831 1427 945 1490 eoloris
961 1427 1133 1510 prinecpiia
1154 1437 1202 1492 eal

483 1531 609 1596 reddita
631 1538 747 1594 natura
768 1539 799 1594 et
820 1531 918 1594 uuus
939 1535 1012 1594 luat
1028 1531 1179 1614 praedito
1189 1531 1325 1617 formis,

485 1658 502 1698 e
524 1633 634 1718 quibus
656 1655 745 1698 mnne
765 1655 864 1716 persua
883 1634 1016 1718 qa'pauat
1037 1634 1223 1719 vehantque
1244 1635 1363 1698 colores

355 1739 403 1804 ita
423 1745 546 1804 mutum
568 1738 807 1821 intelleguntur,
841 1737 869 1802 si
896 1737 1065 1822 probatum
1093 1745 1157 1818 est,
1188 1739 1267 1803 solis
1296 1739 1393 1804 variis
1423 1737 1491 1822 pri-

355 1841 547 1908 mordiorum
568 1839 680 1906 formis
702 1841 824 1906 colores
845 1840 936 1923 gigni
958 1840 1154 1922 saniorique,
1180 1841 1265 1924 qnod
1286 1840 1322 1906 fit
1344 1841 1491 1906 versibus

356 1947 536 2010 reu—816.

442 2047 502 2112 Hic
523 2055 630 2111 autem
653 2053 703 2110 est
724 2046 806 2110 alter
821 2066 862 2111 ex
877 2045 943 2110 illis
958 2047 1048 2123 locis,
1075 2046 1128 2110 ubi
1143 2045 1389 2130 interpolatione
1404 2045 1491 2111 facta

356 2151 510 2217 nonnulla
531 2155 645 2233 poetae
668 2149 766 2213 verba
787 2168 827 2213 ex
849 2156 938 2214 textu
960 2149 1096 2233 depulsa
1118 2167 1190 2215 esse
1206 2156 1340 2214 constat.
1381 2149 1491 2214 Habe-

356 2273 427 2319 mus
449 2252 534 2318 enim
556 2251 590 2316 in
613 2271 709 2316 versu
731 2251 773 2330 Π,
800 2253 862 2316 748
885 2252 1065 2317 mutilatum
1086 2251 1304 2316 enuntiatum:

523 2356 607 2438 qued
627 2353 772 2438 quonium
795 2354 882 2417 viaco
891 2354 984 2436 fiera',
1009 2377 1091 2418 nane
1113 2376 1180 2418 esse
1202 2355 1325 2418 docebo.

357 2457 449 2536 Quod
471 2475 551 2524 eum·
559 2456 715 2522 conficere
730 2457 837 2537 vellet,
863 2456 1029 2522 Bentleius
1053 2460 1203 2540 postlla
1220 2456 1490 2541 transponendum

356 2582 429 2630 esse
451 2580 579 2628 versum
604 2563 665 2626 743

574 2686 612 2728 ee
633 2663 757 2726 ineunte
779 2685 854 2726 aevo
876 2663 962 2726 nullo
985 2663 1148 2726 coniuncta
1170 2663 1272 2726 colora

357 2768 491 2835 censuit.
531 2765 596 2830 Sed
617 2766 646 2830 si
668 2765 715 2830 sic
738 2765 953 2829 accusativum
976 2785 1048 2829 cum
1070 2764 1227 2829 infinitivo
1245 2785 1265 2828 a
1280 2767 1392 2828 docebo
1408 2785 1491 2848 pcn-

356 2871 484 2935 dentem
496 2867 677 2944 statuimus,
691 2865 783 2932 deest
797 2866 826 2932 is
841 2867 1043 2932 accusativus
1060 2871 1115 2949 (sc.
1129 2866 1330 2950 »primordia«
1347 2888 1379 2931 v.
1395 2875 1487 2948 read:

357 2973 411 3054 qui
434 2991 476 3037 cx
498 2969 651 3056 proximis
673 2969 865 3052 cogitatione
887 2969 965 3034 addi
990 2970 1117 3052 nequit,
1142 2970 1291 3053 quoniam
1314 2970 1348 3034 in
1370 2974 1442 3034 746.
1471 2973 1488 3032 7

356 3094 418 3140 uon
441 3073 482 3140 de
505 3070 687 3158 primordiis
709 3073 824 3155 agitur,
850 3072 910 3140 sed
932 3073 973 3137 de
996 3073 1043 3138 eis
1065 3073 1263 3156 corporibus,

727 3197 783 3240 aba
804 3175 869 3258 episi
889 3176 988 3240 coeca
1010 3198 1219 3260 quaemcunque
1243 3177 1376 3240 tenebris

600 3279 765 3362 tangimus.

442 3380 566 3446 Deinde
588 3380 730 3464 probabo
751 3379 907 3444 insiticios
930 3399 1002 3446 esse
1026 3399 1138 3444 versus

811 3483 843 3562 1,
870 3485 1030 3546 oro-74.

354 3585 434 3652 Inde
457 3605 478 3650 a
499 3604 594 3651 versu
615 3586 641 3665 I,
669 3589 731 3650 645
754 3584 872 3650 refutat
887 3585 1056 3652 Lucretius
1070 3584 1278 3664 Heraclitum,
1305 3586 1360 3667 qui
1382 3585 1491 3668 ignem

354 3688 543 3773 principium
577 3687 718 3753 omnium
750 3708 855 3753 rerum
885 3707 957 3754 esse
986 3689 1148 3754 docuerat.
1195 3689 1324 3762 Altera,
1358 3687 1398 3754 de
1428 3709 1492 3771 qua

355 3811 439 3858 nune
461 3792 532 3857 sola
553 3789 724 3856 dicendum
746 3798 805 3871 est,
831 3809 929 3856 causa
951 3811 971 3854 a
989 3791 1143 3856 varietate
1159 3810 1263 3855 rernm
1279 3797 1408 3876 sumpta
1421 3799 1487 3856 est:

355 3913 419 3960 non
441 3912 536 3978 posse
558 3912 631 3960 esse
652 3899 717 3958 tam
739 3893 848 3958 varias
869 3912 938 3972 res,
965 3893 993 3958 si
1015 3913 1126 3958 omnes
1152 3912 1193 3958 ex
1214 3892 1327 3958 eodem
1349 3913 1491 3976 puroque

354 3995 430 4079 igne
452 4003 580 4062 creatae
596 3995 676 4071 sint;
703 3994 731 4060 si
746 3994 831 4060 enim
845 3994 931 4078 iguis
948 4003 1139 4061 extenuetur
1153 3995 1207 4060 vel
1221 3994 1386 4073 densetur,
1410 3995 1491 4060 nihil

354 4098 429 4164 inde
452 4097 562 4183 profici
584 4097 647 4162 nisi
670 4103 705 4162 ut
726 4096 822 4162 ardor
842 4097 914 4162 eius
940 4105 1099 4181 augeatur
1121 4097 1173 4162 vel
1195 4096 1408 4174 diminuatur;
1440 4099 1491 4163 sin
1526 4156 1530 4160 .

353 4200 462 4283 ignem
483 4200 517 4264 in
545 4200 641 4264 rebus
671 4199 818 4264 creandis
846 4199 965 4282 stingui
994 4199 1173 4282 mutarique
1202 4207 1350 4284 ponatur,
1383 4199 1491 4284 ignem

354 4303 451 4386 plane
467 4300 652 4386 periturum,
678 4307 709 4366 et
724 4321 942 4384 quaecumque
956 4301 1020 4366 iam
1037 4309 1194 4376 creentur,
1221 4321 1239 4367 e
1258 4301 1358 4366 nihilo
1373 4303 1491 4368 oritura
