3312 5280
637 418 851 478 ,61-

175 626 257 672 esse.
298 605 402 683 Quam
426 604 616 671 sententiam
639 603 819 668 absolutam
843 602 1005 686 excipiunt
1026 603 1060 668 in
1082 602 1244 669 codicibus
1262 604 1310 668 illi

175 729 297 790 versus,
325 727 404 790 quos
427 707 552 792 spurios
576 726 648 772 esse
671 705 834 772 contendi:

226 813 251 892 Ι,
279 816 341 876 676
364 832 438 876 aem
460 811 672 894 quodcumque
693 810 757 873 sura
778 817 932 873 matutam
945 808 1070 893 flodus
1092 810 1166 892 exit,

360 914 504 978 coctiaco
526 913 584 977 doe
606 934 690 976 moro
712 921 759 976 eet
780 911 867 975 illim
889 913 974 996 quod
983 911 1058 998 fuit
1079 921 1164 976 uate.

354 1018 490 1100 proinde
512 1017 626 1102 aliquit
647 1039 797 1102 mpcrure
817 1039 939 1080 coercere
961 1026 1008 1081 ert
1029 1015 1183 1082 incolume
1205 1018 1276 1081 ollio

360 1143 397 1184 ae
420 1120 479 1184 rior·
498 1142 549 1184 res
569 1120 701 1184 redeant
722 1121 767 1183 ad
785 1119 884 1183 ailam
895 1120 1051 1205 faeditas
1073 1143 1177 1184 omnes

360 1223 398 1286 de
419 1223 545 1307 nidoque
566 1231 679 1286 renutu
701 1223 838 1306 capescat
858 1222 950 1305 copia
971 1241 1088 1285 reram.

469 1345 542 1406 676.
572 1347 586 1404 1
612 1369 655 1395 =
678 1345 751 1405 792.
777 1346 807 1406 3.

469 1449 531 1508 672
561 1445 619 1510 cfr.
653 1449 725 1510 790.

468 1552 531 1612 673
568 1578 611 1602 =
649 1551 710 1612 797

470 1655 532 1715 674
570 1682 611 1706 =
650 1655 711 1730 757
739 1652 886 1736 (vipescat
908 1671 967 1736 pro
990 1651 1167 1736 capescere).

264 1772 367 1854 Atque
389 1773 440 1853 id,
474 1773 559 1853 quod
588 1772 622 1836 in
645 1771 791 1837 versibus
822 1776 896 1836 670.
925 1777 938 1834 1
973 1771 1205 1856 pronuntiatur,
1238 1793 1311 1838 eum

178 1882 325 1956 mutetur,
352 1895 419 1940 rem
443 1875 569 1953 confici,
596 1875 648 1941 hic
671 1875 782 1941 inutile
804 1883 865 1940 est.
912 1875 1024 1958 Neque
1047 1875 1134 1941 enim
1156 1874 1311 1940 affirmari

179 1997 258 2060 opus
281 1984 345 2057 est,
372 1997 447 2060 una,
473 1998 545 2043 cum
575 1985 724 2057 mutetur,
750 1978 858 2060 ignem
881 1978 1005 2062 perire,
1037 1977 1187 2060 quoniam
1216 1983 1312 2060 poeta

179 2079 289 2144 eodem
314 2099 368 2144 ore
391 2079 472 2144 dixit
499 2081 533 2162 (Ι,
561 2083 634 2144 665.
654 2083 684 2163 6)

287 2201 370 2282 quod
390 2200 420 2262 si
429 2201 524 2284 forte
547 2200 613 2263 aliu
635 2201 766 2263 eredunt
787 2200 908 2263 ratione
925 2209 1050 2282 potesse

286 2303 367 2384 iquos
388 2303 421 2364 ia
443 2311 531 2366 coetu
554 2302 715 2386 stinprri
735 2311 915 2386 mutareque
938 2325 1051 2386 corpas
1073 2327 1099 2366 e.
1119 2327 1148 2388 q.
1167 2326 1193 2366 s.

178 2421 297 2486 Versus
327 2441 402 2486 vero
431 2425 571 2485 ort-4
601 2421 857 2506 interpolationis
891 2421 1190 2506 compilationisque
1219 2429 1312 2486 notas

179 2532 294 2606 gerunt
315 2525 356 2589 ab
379 2524 507 2590 homine
529 2523 667 2607 quodam
686 2525 820 2590 molesto
834 2525 1011 2609 profectae,
1035 2525 1090 2608 qui
1105 2532 1220 2609 poetae
1235 2544 1312 2590 eon-

179 2627 285 2692 silium
307 2647 372 2691 non
394 2627 606 2710 intellegeret.
653 2629 687 2692 Is
709 2627 794 2694 enim
826 2647 897 2692 cum
927 2627 961 2692 id
983 2634 1077 2711 agat,
1109 2635 1144 2693 ut
1166 2627 1313 2694 Heracli-

178 2737 244 2795 tum
274 2730 406 2812 eiusque
436 2737 612 2796 sectatores
641 2729 684 2794 ad
711 2730 886 2796 absurdum
912 2729 1028 2807 ducat,
1060 2730 1199 2796 ostendit
1233 2732 1314 2796 nihil

179 2833 306 2898 omnino
328 2833 457 2914 igneum
482 2852 645 2916 superare,
672 2833 700 2897 sl
722 2833 808 2916 ignis
830 2839 971 2898 mutatus
992 2853 1102 2899 omnes
1117 2853 1169 2899 res
1185 2833 1310 2900 formet.
1332 2879 1335 2886 ·

179 2934 264 3012 Quid
285 2936 383 3020 igitur
406 2935 466 3000 sibi
489 2937 556 2999 vult
578 2935 658 2999 illud

282 3038 418 3120 proinde
440 3038 554 3122 aliquit
576 3060 724 3120 superare
745 3060 867 3102 necesse
889 3047 936 3101 est
956 3038 1108 3101 incolume
1130 3038 1222 3102 ellari

265 3156 592 3222 Animadvertendum
614 3164 721 3222 autem
751 3163 816 3238 est,
850 3176 978 3222 versum
1002 3160 1064 3221 672
1088 3163 1120 3222 et
1141 3157 1175 3222 iu
1205 3177 1245 3223 ea
1273 3157 1314 3223 de

179 3281 243 3341 qua
271 3259 410 3324 diximus
438 3259 683 3343 interpolatione
712 3279 840 3325 versum
871 3263 931 3324 755
959 3259 1092 3325 alterius
1121 3260 1195 3325 libri
1218 3260 1313 3325 ordiri

180 3383 220 3426 ex
236 3361 383 3444 proinde.
431 3361 511 3426 Cum
535 3369 667 3443 uterquc
690 3363 778 3426 locus
801 3362 1012 3446 interpolatus
1035 3361 1092 3443 sit,
1118 3361 1152 3426 id
1175 3381 1253 3427 casu
1277 3382 1315 3426 ac

180 3465 307 3528 fortuna
328 3464 383 3528 vix
406 3463 525 3529 lactum
548 3472 613 3544 est,
640 3464 697 3530 sed
719 3464 893 3530 verisimile
916 3471 965 3530 cst
987 3485 1086 3529 uuum
1114 3464 1315 3548 eundemque

180 3567 339 3632 hominem
355 3574 524 3648 utrumque
543 3567 646 3632 locum
669 3568 893 3652 interpolasse,
918 3567 983 3650 qui,
1010 3587 1090 3634 cum·
1104 3568 1185 3634 satis
1199 3569 1315 3634 verbo-

179 3690 247 3732 rum
271 3669 366 3753 copia
388 3675 596 3752 premeretur,
621 3669 735 3751 ineis,
762 3689 845 3752 quae
866 3669 938 3754 ipse
964 3671 1167 3751 elaborabat,
1201 3670 1315 3735 eadem

179 3771 337 3855 particula
358 3777 509 3836 uteretur.
535 3809 579 3817 —

266 3892 378 3955 Restat
399 3890 510 3956 tertius
533 3891 632 3970 locus,
660 3891 715 3956 ubi
737 3909 851 3956 versus

335 4015 408 4056 aum
431 3995 642 4078 quodcumqae
665 3994 730 4056 auis
752 4003 906 4058 mutatum
914 3993 1040 4076 finibus
1062 3993 1137 4071 erit,

335 4097 479 4158 contracto
501 4095 558 4158 hoc
579 4117 663 4158 moro
686 4104 732 4159 est
752 4096 840 4159 illiue
861 4098 946 4179 quod
955 4095 1031 4180 fcit
1052 4104 1125 4158 uate

179 4197 343 4279 leguntur:

621 4301 686 4380 111,
715 4304 787 4364 stc.
815 4303 867 4364 ro.
