3312 5280
776 457 997 520 -11-’

387 647 438 728 (II,
469 648 560 728 1116)
588 645 722 729 donique
744 645 789 708 erl
809 653 979 708 extremam
1001 641 1160 706 crescendi
1175 640 1296 725 perfica
1306 640 1409 725 struem

579 747 683 811 omnia
701 747 853 830 perduxit
875 767 980 809 rerum
1002 753 1119 809 actura
1141 743 1290 807 11111111.

317 850 369 915 Ad
384 849 537 917 editorem
550 856 657 916 autem
671 869 727 915 cur
737 848 1000 933 interpolationes
1011 867 1162 913 revocare
1178 845 1345 912 maluerim
1357 866 1453 928 quam
1498 887 1502 893 -

317 952 361 1018 ad
376 953 619 1036 grammaticum
641 953 742 1033 illum,
769 972 863 1035 quem
878 953 912 1015 iu
927 950 1067 1016 Lucretii
1083 949 1275 1016 carminibus
1291 957 1453 1014 versatum

316 1075 391 1121 esse
413 1055 521 1137 statui,
548 1076 613 1121 una
635 1055 712 1119 mihi
735 1075 832 1120 causa
854 1061 913 1135 est,
939 1052 1025 1137 quod
1042 1073 1145 1136 genus
1162 1051 1288 1118 dicendi
1304 1051 1453 1134 aliquan-

317 1165 385 1223 tum
408 1159 533 1224 miseris
556 1159 621 1224 illis
644 1157 843 1242 grammatici
866 1156 1052 1222 commentis
1075 1162 1241 1240 praestare
1256 1153 1392 1221 videtur.
1411 1193 1453 1201 -

405 1365 474 1430 Has
495 1363 648 1448 indagavi
670 1364 801 1429 editoris
823 1363 1020 1428 iterationes.
1067 1363 1105 1426 ln
1134 1362 1248 1445 quibus
1275 1351 1453 1427 statuendis

318 1467 353 1532 id
374 1467 544 1556 consilium
574 1474 704 1534 secutus
734 1487 820 1546 sum,
853 1473 888 1530 ut
915 1465 1002 1530 illius
1032 1485 1161 1550 operam
1190 1463 1237 1531 eis
1267 1465 1344 1530 solis
1374 1465 1453 1530 locis

318 1589 545 1653 agnoscerem,
571 1570 626 1634 ubi
648 1577 764 1654 poetae
784 1569 940 1652 reliquiae
963 1575 1028 1632 tam
1059 1587 1192 1634 mancae
1215 1569 1267 1633 vel
1290 1575 1381 1633 erant
1403 1569 1454 1632 vel

319 1691 393 1738 esse
415 1671 616 1750 videbantur,
643 1679 678 1737 ut
699 1679 731 1737 et
752 1672 854 1757 ipsius
884 1677 998 1756 poetae
1026 1671 1210 1736 memoriam
1241 1677 1273 1736 et
1300 1671 1454 1736 lectorum

319 1774 565 1840 oblectationem
587 1775 686 1866 tuitus
708 1795 814 1860 pauca
842 1774 987 1840 adderet.
1034 1774 1146 1857 Neque
1172 1774 1359 1856 negaverim
1389 1774 1454 1839 alia

320 1878 362 1941 ab
385 1896 423 1942 eo
446 1884 478 1943 et
498 1878 616 1943 iterata
639 1884 671 1943 11
692 1879 824 1944 inventa
845 1876 973 1966 praeter
996 1895 1050 1945 eos
1073 1877 1169 1953 locos,
1197 1895 1278 1958 quos
1304 1896 1364 1959 ego
1387 1897 1455 1942 me-

321 1980 453 2061 moravi,
475 1987 603 2046 1111111
626 1999 769 2064 posse,
800 1979 858 2045 sed
880 1983 952 2045 cuin
976 1999 1106 2064 operam
1128 1979 1198 2044 eius
1221 1979 1316 2044 certis
1338 1977 1454 2044 finibus

320 2082 502 2148 describere
524 2103 733 2166 nequeamus,
759 2082 939 2148 cavendum
960 2083 1031 2165 erit,
1058 2103 1099 2148 ne
1121 2081 1200 2165 quid
1219 2082 1249 2148 ei
1264 2081 1451 2163 tribuamus,

320 2184 417 2266 quod.
430 2186 471 2250 ab
494 2187 564 2251 eius
587 2187 721 2251 consilio
744 2186 938 2251 emendandi
961 2185 1105 2252 carmina
1127 2185 1254 2250 afuerit.

408 2289 571 2352 Postremo
601 2289 670 2354 loco
700 2287 912 2372 profitendum
945 2296 1010 2368 est,
1043 2287 1120 2370 quid
1151 2287 1191 2352 de
1220 2307 1358 2371 persona
1386 2287 1454 2354 edi-

321 2390 400 2454 toris
424 2390 560 2455 sentiam
584 2411 622 2456 ac
644 2393 750 2476 potius
775 2411 839 2457 non
861 2392 1008 2458 sentiam.
1048 2391 1278 2476 Hieronymum
1294 2391 1334 2456 de
1351 2391 1455 2456 Marco

321 2493 475 2559 Cicerone
488 2494 662 2558 carminum
676 2495 881 2560 emendatore
894 2495 1186 2577 cogitassecertum
1198 2493 1334 2559 videtur.
1353 2493 1454 2571 Quem

321 2601 428 2660 tamen
452 2596 645 2661 emendandi
667 2616 796 2681 operam
819 2597 1002 2682 suscepisse
1018 2598 1105 2662 nullo
1121 2595 1214 2662 modo
1230 2597 1307 2661 milri
1322 2617 1457 2681 persua-

321 2697 424 2763 detur.
465 2699 580 2780 Neque
603 2700 698 2779 enim‚
725 2701 810 2783 quod
832 2707 918 2766 recte
941 2707 1130 2764 monuerunt
1152 2699 1213 2764 viri
1235 2698 1329 2778 docti,
1356 2699 1456 2764 ullum

321 2799 417 2866 huius
450 2821 569 2886 operae
598 2801 631 2865 in
654 2802 817 2868 Ciceronis
849 2803 940 2868 libris
969 2809 1074 2868 exstat
1103 2802 1285 2885 vestigium.
1332 2801 1457 2866 Deinde

321 2901 377 2966 ubi
398 2903 524 2985 integro
547 2903 654 2968 animo
679 2905 785 2970 locum
813 2905 906 2970 illum
934 2905 968 2970 iu
998 2906 1207 2989 epistularum
1237 2904 1280 2970 ad
1303 2903 1455 2982 Quintum

320 3003 453 3069 fratrem
482 3004 564 3070 libro
594 3006 733 3071 secundo
762 3011 823 3088 111,
852 3009 895 3090 3),
929 3027 1012 3090 quae
1035 3009 1174 3091 epistula
1195 3008 1325 3073 ineunte
1347 3026 1457 3072 mense

322 3107 495 3172 Februario
524 3129 555 3173 a.
581 3128 613 3172 11.
639 3129 667 3174 c.
701 3114 762 3174 700
793 3110 915 3194 scripta
945 3117 1010 3193 est,
1048 3111 1203 3193 (Lucretii
1222 3119 1389 3194 poemata,
1423 3119 1458 3174 ul

321 3209 443 3292 scribis,
470 3211 516 3274 111
538 3219 621 3292 suut,
647 3213 753 3276 multis
776 3213 944 3277 luminibus
965 3214 1094 3297 laqeur'e',
1113 3215 1229 3278 multae
1245 3223 1348 3278 tumea
1363 3215 1453 3278 aulis.

321 3313 379 3375 sed
397 3335 467 3376 cum
482 3310 752 3403 (certaminum)
769 3315 899 3394 ueneris,
927 3316 1028 3380 ulrum
1052 3324 1080 3380 le
1097 3318 1239 3399 putaba-
1260 3316 1290 3379 sl
1310 3317 1460 3382 Sallustii

323 3417 534 3498 Empedoclea
557 3417 680 3500 leperls,
705 3417 859 3481 bominem
873 3441 935 3481 uon
952 3419 1081 3502 putabo)
1109 3419 1238 3502 legeris,
1265 3439 1363 3484 unum
1385 3417 1458 3483 iude

322 3525 444 3582 certum
467 3519 575 3602 colligi
597 3539 720 3585 mecum
748 3520 894 3604 putabis:
936 3521 1077 3587 Marcum
1100 3528 1132 3586 et
1154 3521 1306 3599 Quintum
1329 3522 1370 3587 de
1393 3523 1458 3586 Lu·

321 3621 413 3686 aretii
436 3622 630 3687 carminibus
646 3629 743 3689 antea
757 3644 860 3706 neque
878 3625 1050 3689 collocutos
1066 3643 1138 3690 esse
1153 3644 1259 3706 neque
1275 3623 1456 3709 scripsisse.

323 3723 450 3789 Deinde
470 3731 506 3789 ut
528 3726 649 3791 exiliis
665 3747 747 3809 quae
763 3725 889 3790 addidit
903 3725 933 3789 11
947 3727 1095 3791 Sallustii
1107 3728 1318 3810 Empedoclea
1334 3726 1454 3812 luparie,

323 3827 476 3890 bominem
491 3851 553 3890 non
561 3831 683 3910 putabo
699 3835 844 3913 apparet,
871 3828 1026 3911 quidquid
1041 3837 1115 3895 ante
1130 3850 1170 3895 ea
1185 3830 1290 3894 locum
1306 3829 1459 3895 habuisse

323 3930 444 4012 lingas,
473 3930 584 3996 Cicero
613 3931 714 3997 obiter
742 3932 802 3997 hoc
831 3932 900 3996 loco
924 3930 964 3996 de
986 3931 1126 3998 Lucretii
1148 3931 1343 3997 carminibus
1366 3931 1455 3996 dixit.

323 4032 424 4115 quue
447 4053 520 4098 eum
543 4033 702 4100 facturum
725 4034 837 4118 luisse,
864 4035 891 4100 si
914 4034 985 4118 ipse
1007 4035 1148 4100 carmina
1170 4034 1325 4100 edidisset
1350 4033 1460 4098 autin

322 4134 450 4200 edendo
472 4143 617 4202 versatus
641 4131 728 4203 'esset
749 4174 792 4184 -
813 4136 848 4202 id
870 4136 998 4219 quidem
1015 4145 1155 4203 statuere
1170 4138 1287 4222 possis,
1314 4158 1387 4204 eum
1402 4136 1461 4201 has

323 4237 376 4301 vel
398 4237 472 4303 illas
494 4245 603 4322 partes
626 4238 717 4304 fratri
732 4239 860 4306 misisse
876 4279 929 4322 —,
955 4240 1060 4324 prima
1082 4240 1123 4305 de
1139 4239 1186 4304 eis
1201 4239 1351 4322 loquendi
1367 4257 1461 4305 occa·

323 4339 415 4405 sione
437 4340 514 4406 data
528 4347 645 4424 putaui
681 4343 746 4409 Sed
762 4344 858 4408 etiam
874 4343 902 4408 11
924 4342 1024 4408 irater
1046 4342 1209 4424 edidisset,
1236 4342 1352 4407 mirum
1375 4348 1461 4408 esset
