3312 5280
663 420 878 480 ..41-

416 604 556 668 cernitur
577 605 611 668 in
634 604 703 667 luce
726 613 757 667 et
779 605 865 668 claro
889 604 1034 680 caudore,
1059 613 1210 668 necessest

415 707 572 772 consimili
591 729 688 770 causa
712 717 829 771 tactum
851 708 1011 792 uisumque
1031 709 1159 772 moueri.

331 812 393 874 234
416 831 521 873 nunc
546 809 560 872 i
563 810 607 894 qi
614 819 680 874 tur
701 811 732 874 si
752 812 942 895 quadratum
965 819 1151 894 temptamus
1174 821 1204 876 et
1226 813 1261 875 id
1281 835 1337 876 uos

415 921 583 977 commoret
604 913 638 976 in
661 913 802 994 tcuebm's,
830 913 863 976 in
886 915 950 978 luci
972 937 1051 998 quoe
1070 916 1190 998 poterit
1212 938 1262 980 res

415 1015 554 1080 accidere
577 1018 622 1080 ad
641 1017 774 1100 speciem
797 1018 966 1101 quadrata,
991 1017 1054 1080 nisi
1074 1018 1139 1081 eius
1161 1019 1291 1103 imoqo?

414 1141 479 1182 esse
501 1120 534 1182 in
556 1119 744 1204 imaqinibus
767 1143 829 1205 qua
846 1129 980 1204 propter
1002 1143 1098 1184 causa
1121 1122 1243 1186 uidetur

415 1222 576 1286 cernundi.

244 1323 297 1404 IV⁷
325 1328 387 1388 750
410 1347 473 1409 qua
496 1333 584 1389 tenus
606 1325 663 1389 boc
685 1325 786 1390 simile
808 1334 855 1390 est
876 1326 945 1403 illi,
972 1327 1057 1410 qnod
1076 1336 1177 1390 mente
1199 1327 1337 1390 uidemus

415 1437 510 1512 atque
532 1429 641 1505 oculos,
666 1428 764 1492 simili
771 1429 856 1512 fleri
875 1429 997 1492 ratione
1018 1439 1179 1494 necessest.

332 1534 393 1594 752
416 1553 518 1596 nnnc
539 1531 553 1594 i
558 1532 603 1615 qi
610 1541 675 1596 tur
697 1533 842 1616 quoniam
864 1532 958 1596 docui
976 1554 1025 1596 me
1036 1534 1131 1618 forte
1154 1534 1271 1597 leonem

370 1657 373 1663 ·
414 1656 539 1698 cernere
548 1657 611 1717 per
626 1635 807 1712 simulacra,
826 1636 930 1699 oculos
946 1656 1154 1720 quaecumque
1167 1635 1334 1712 lacessunt,

415 1738 493 1802 scire
516 1737 589 1802 licet
609 1747 742 1802 mentem
764 1737 862 1802 simili
881 1738 1005 1802 ratione
1026 1739 1153 1802 moveri.

245 1840 302 1922 ΠΙ,
334 1844 393 1905 199
453 1919 457 1926 Ι
595 1841 789 1924 parcissima
812 1863 946 1924 corpora
961 1864 1025 1925 pro
1049 1863 1141 1926 qnam

415 1952 446 2007 et
468 1943 623 2008 leuissima
645 1952 729 2022 sunt,
753 1943 799 2008 ita
820 1944 992 2008 mobilitate
1004 1945 1208 2029 seruntur¹):

415 2055 581 2112 utcontra
603 2069 811 2132 quaemmque
832 2048 934 2132 maqis
957 2070 1026 2112 cum
1043 2050 1184 2131 pondere
1206 2070 1319 2132 maquo

414 2172 585 2234 asperaque
607 2151 818 2228 inueniuntur,
844 2175 879 2214 eo
902 2151 1044 2215 stabilita
1065 2151 1165 2236 maqis
1188 2161 1270 2216 sunt.

330 2255 391 2315 203
414 2275 516 2316 nnnc
538 2253 553 2316 i
555 2253 598 2338 qi
605 2262 669 2317 tur
691 2255 837 2337 qnoniam
860 2262 906 2318 est
930 2253 1030 2318 animi
1050 2263 1166 2319 natura
1187 2265 1316 2338 repertu

411 2356 534 2420 mobilis
557 2357 687 2441 eqreqie,
710 2379 865 2441 perquam
887 2366 1029 2421 constare
1051 2367 1201 2422 necessest

413 2459 594 2549 corporibus
610 2460 726 2542 perois
749 2469 780 2523 et
802 2459 919 2524 levibus
941 2468 1035 2543 atque
1057 2461 1212 2524 rutundis.

244 2563 302 2640 111,
329 2565 391 2626 425
409 2562 570 2645 principio
594 2563 740 2646 qnoniam
763 2571 884 2626 tenuem
906 2571 1048 2626 constare
1070 2563 1199 2626 minutis

414 2666 596 2748 corporibus
618 2666 712 2729 docui
731 2667 888 2751 multoque
910 2665 1081 2729 minoribns
1104 2689 1169 2730 csse

409 2768 581 2852 principiis
593 2770 724 2854 factam
747 2791 840 2853 quam
863 2768 1001 2853 liquidus
1022 2789 1112 2832 umor
1134 2771 1231 2852 aquai

415 2880 471 2936 aut
492 2873 605 2936 nebula
627 2880 682 2935 aut
693 2872 822 2957 fumus,
848 2871 912 2935 iam
935 2873 1024 2955 lonqe
1046 2872 1219 2936 mobilitate

329 2977 391 3038 429
409 2983 556 3057 praestat
578 2983 609 3038 et
631 2997 651 3037 a
675 2974 762 3038 tenui
781 2996 878 3038 causa
900 2974 999 3057 maqis
1021 2973 1085 3038 icta
1107 2978 1292 3059 mouetur2J.
1321 3019 1322 3022 κ

328 3183 391 3244 434
414 3203 518 3244 nnnc
540 3180 600 3264 iqi
607 3189 671 3244 tur
695 3180 840 3264 quoniam
863 3180 1020 3263 quassatis
1042 3179 1178 3264 undique
1202 3181 1284 3244 uasis

415 3283 561 3369 diffluere
583 3305 721 3347 umorem
743 3291 774 3346 et
796 3282 921 3346 laticem
943 3281 1101 3346 discedere
1123 3283 1236 3360 cernis,

416 3395 447 3450 et
468 3387 582 3449 nebula
604 3410 641 3450 ac
653 3389 770 3470 sumus
793 3385 938 3469 qnoniam
960 3383 1092 3448 discedit
1113 3384 1146 3448 iu
1168 3407 1274 3465 auras,

414 3490 504 3552 crede
527 3488 664 3553 animam
688 3511 807 3574 quoqne
829 3487 973 3574 diffundi
993 3486 1150 3571 multoque
1167 3489 1276 3571 perire

414 3592 498 3656 ocius
521 3599 551 3656 et
573 3592 665 3656 citius
687 3591 819 3655 dissolui
838 3591 873 3654 in
895 3613 1027 3673 corpora
1044 3590 1163 3674 prima.

276 3696 303 3778 Ι,
330 3698 392 3759 645
415 3697 501 3759 Nam
523 3718 579 3759 cur
604 3704 667 3759 tam
690 3695 797 3759 comae
819 3715 871 3758 res
888 3701 1020 3776 possent
1041 3715 1115 3772 esse,
1141 3695 1277 3779 requiro,

415 3820 453 3860 eu
474 3820 536 3862 uuo
558 3798 588 3862 si
608 3805 681 3861 sunt
702 3797 770 3882 iqui
788 3818 929 3880 puroque
951 3799 1099 3860 creatae?

416 3901 464 3964 nil
479 3902 645 3984 prodesset
667 3901 748 3964 enim
770 3899 907 3963 calidum
929 3899 1087 3963 denserier
1109 3898 1211 3983 iquem

415 4026 471 4067 nec
493 4026 566 4068 rnre
576 4003 670 4087 fieri,
695 4003 725 4066 si
739 4011 852 4086 partes
874 4001 958 4085 iqnis
980 4003 1109 4065 eandem

414 4114 561 4170 naturum
583 4128 678 4191 quam
701 4113 784 4169 totus
805 4104 899 4169 babet
921 4125 1015 4186 super
1037 4103 1119 4188 iqnis
1141 4104 1304 4168 baberent.

272 4243 287 4306 ¹)
310 4242 392 4297 codd.
405 4246 552 4313 fruuntur,
573 4240 622 4296 cfr.
644 4241 693 4303 IV,
716 4243 774 4294 745.

269 4329 288 4394 ²)
310 4329 369 4380 432.
391 4330 406 4380 3
426 4328 514 4398 spurii
533 4334 598 4383 sunt
619 4327 676 4393 (cfr.
697 4326 923 4392 Lachmannum).
