3312 5280
788 463 1003 522 „12-

329 647 434 728 Atque
456 646 500 726 id,
527 647 610 728 quod
637 648 844 731 limpedocles
868 650 949 713 dixit

488 754 528 814 60
552 752 608 814 καὶ
631 751 681 826 δὶς
704 749 767 838 γὰρ
790 750 808 816 ὃ
833 751 872 839 δή
896 751 1001 818 καλόν
1024 752 1115 818 ἐστιν
1138 753 1300 831 intonato,

329 852 371 917 ad
394 873 448 918 eos
472 859 595 919 tantum
618 875 731 920 versus
761 863 868 940 potest
896 857 1025 938 referri,
1059 858 1173 939 quibus
1204 859 1317 940 gravia
1345 857 1466 941 placita

330 957 629 1040 pronuntiabantur.
684 959 749 1024 Sed
778 959 844 1024 illis
874 961 1031 1044 exemplis
1062 961 1191 1025 minime
1222 961 1402 1044 explicatur
1432 962 1463 1025 in

330 1060 471 1125 Lucretii
494 1061 687 1126 carminibus
714 1063 911 1146 prooemium
935 1065 1041 1146 quarti
1064 1064 1136 1128 libri
1160 1065 1212 1129 vel
1235 1065 1289 1144 IV,
1317 1069 1465 1128 all—29

335 1165 386 1246 e:
402 1165 456 1242 vr,
476 1167 634 1245 eas-35)
663 1167 714 1230 ver
737 1167 779 1246 u,
800 1168 1014 1248 55-61.111‚
1035 1170 1161 1232 su-oa
1188 1169 1305 1251 (ενι,
1325 1170 1461 1251 35-41)

330 1267 450 1348 aliique
473 1268 543 1350 loei,
570 1275 605 1332 ut
627 1269 667 1334 de
690 1269 736 1334 eis
760 1269 1001 1336 difficultatibus
1025 1277 1200 1353 taceamus,
1227 1292 1309 1354 quae
1331 1293 1372 1336 ex
1392 1293 1466 1337 sen-

330 1375 500 1435 tentiarum
523 1372 634 1437 ordine
657 1373 811 1437 oriuntur.
859 1374 975 1455 Utique
1002 1375 1129 1457 singula
1157 1375 1289 1456 iterata,
1323 1396 1404 1457 quae
1433 1375 1466 1439 in

332 1475 470 1540 Lucretii
485 1476 583 1541 libris
605 1475 725 1541 tradita
747 1483 830 1559 sunt,
857 1483 1007 1542 accurate
1030 1478 1260 1562 perscrutanda
1282 1486 1366 1544 sunt.

417 1579 556 1662 Restat,
577 1586 612 1644 ut
638 1579 677 1645 de
700 1581 874 1645 Purmanni
902 1588 1139 1664 ceterorumque
1169 1583 1273 1646 dicam
1302 1583 1463 1666 opinione,

331 1703 409 1748 casu
432 1683 553 1748 facturn
575 1703 647 1748 esse
674 1685 889 1767 opinantium,
924 1692 959 1749 ut
986 1685 1020 1748 in
1042 1686 1242 1750 Lucretianis
1273 1687 1467 1751 carminibus
1528 1701 1531 1705 ’

331 1787 515 1851 iterationes
528 1788 723 1869 legerentur:
744 1781 818 1852 nam
832 1789 859 1852 si
871 1788 998 1870 quando
1009 1790 1175 1853 verborum
1188 1789 1324 1872 penuria
1335 1810 1466 1872 pressus

219 1885 221 1888 ’
331 1897 428 1969 esset,
453 1911 493 1954 ne
509 1891 603 1956 nimis
619 1891 652 1954 irr
669 1891 717 1955 eis
733 1891 811 1956 loeis
828 1892 984 1972 haereret,
1007 1891 1136 1957 easdem
1154 1893 1328 1958 sententias
1345 1893 1467 1958 eisdem

331 1993 437 2059 verbis
453 1995 620 2078 repetiisse
636 2001 773 2078 poetam,
799 1995 883 2077 quod
898 1996 931 2058 in
948 1997 1087 2060 carmine
1102 1996 1298 2062 recensendo
1314 1995 1468 2061 emenda-

332 2103 421 2161 turus
444 2097 568 2162 fuisset.
616 2097 658 2161 At
681 2103 755 2162 suut
776 2097 973 2179 iterationes,
1000 2119 1099 2180 quae,
1134 2099 1161 2163 si
1191 2099 1255 2164 sint
1276 2119 1296 2164 a
1318 2099 1475 2182 Lucretio

331 2201 402 2284 ipso
425 2201 599 2284 proiectae,
625 2207 731 2264 tamen
756 2207 870 2285 postea
893 2201 1019 2266 demum
1042 2223 1080 2267 eo
1109 2203 1189 2282 loco,
1220 2203 1275 2268 ubi
1304 2224 1389 2268 nunc
1417 2204 1468 2268 in-

332 2304 512 2384 veniuntur,
539 2304 680 2369 insertae
704 2304 778 2368 sint.
826 2305 922 2370 Velut
937 2307 992 2388 lV,
1018 2309 1120 2368 1-25
1144 2305 1245 2370 additi
1269 2313 1351 2387 sunt,
1379 2313 1468 2390 post-

333 2428 427 2489 quam
456 2407 579 2490 reliqua
600 2407 752 2491 prooemii
775 2428 852 2492 pars
875 2409 939 2474 iam
962 2409 1139 2492 composita
1162 2417 1211 2474 est
1240 2410 1306 2492 (cir.
1332 2431 1387 2494 pg.
1417 2412 1464 2491 15)

333 2531 438 2594 neque
460 2532 511 2576 vr.
539 2513 570 2592 l,
601 2514 739 2575 tte-8
767 2517 863 2576 antea
893 2512 1002 2595 scripti
1032 2532 1103 2578 esse
1132 2519 1268 2596 possunt
1297 2533 1394 2596 quam
1423 2515 1465 2595 ll,

334 2619 470 2694 55-61,
497 2635 631 2697 quorum
654 2636 726 2680 curn
749 2615 836 2679 exitu
860 2622 1037 2698 congruunt
1057 2615 1122 2694 (cfr.
1141 2624 1196 2700 pg.
1216 2619 1256 2680 69
1270 2621 1368 2699 squ),
1395 2638 1468 2682 cum

334 2725 443 2783 tamen
455 2718 535 2783 nihil
552 2718 668 2783 certius
685 2719 726 2783 sit
742 2739 835 2801 quam
853 2719 1047 2802 prooemium
1063 2725 1095 2784 et
1107 2719 1244 2802 priorem
1256 2719 1384 2802 quidem
1396 2720 1470 2784 libri

333 2821 427 2906 primi
443 2829 567 2905 partem
591 2821 680 2904 prius
703 2823 867 2886 elaborata
889 2841 961 2887 esse
983 2843 1079 2904 quam
1102 2823 1298 2906 prooemium
1322 2823 1467 2888 alterius.

334 2925 393 2990 His
408 2925 506 3007 igitur
521 2925 609 3006 locis,
626 2925 654 2988 si
670 2926 711 2990 ab
726 2926 796 3010 ipso
811 2931 908 3009 poeta
925 2946 982 2991 eae
998 2925 1203 3009 repetitiones
1219 2927 1252 2990 in
1269 2927 1470 3010 expoliendis
1551 2985 1553 2990 .

335 3029 527 3094 carminibus
557 3029 662 3093 factae
694 3029 775 3107 sint,
811 3029 854 3092 ad
886 3029 1026 3112 inopiam
1055 3029 1196 3094 Lucretii
1225 3030 1355 3113 propria
1384 3029 1471 3094 diffi-

335 3131 442 3197 cilium
465 3153 571 3197 rerum
593 3132 691 3197 verba
716 3132 902 3198 inveniendi
932 3133 1078 3215 refugere
1105 3154 1169 3198 non
1199 3133 1286 3198 licet.
1333 3132 1471 3198 Omnino

297 3246 306 3262 ⁰
334 3257 426 3315 vero,
458 3243 493 3300 ut
522 3235 698 3301 carminum
729 3257 886 3301 conexum
915 3235 1115 3318 emendaret,
1148 3237 1370 3302 iterationibus
1399 3257 1471 3302 euru

335 3361 428 3404 usum
452 3359 523 3405 esse
546 3339 730 3422 negandum
753 3347 813 3405 est.
853 3341 1024 3406 Praeterea
1038 3340 1177 3424 plurium
1193 3346 1384 3423 argumenta
1399 3346 1472 3403 tan-

335 3450 447 3528 topere
470 3444 510 3508 ab
534 3443 581 3508 eis
604 3443 697 3522 locis,
730 3443 784 3507 ubi
807 3443 964 3527 repetitae
988 3450 1079 3522 sunt,
1105 3443 1296 3520 abhorrent,
1328 3449 1362 3507 ut
1385 3443 1473 3506 nullo

335 3547 429 3612 modo
450 3547 667 3629 intellegatur,
695 3546 822 3628 quade
845 3566 943 3611 eausa
965 3553 1072 3611 tantas
1096 3546 1316 3611 difficultates·
1330 3545 1390 3611 sibi
1413 3565 1472 3630 pe-

336 3651 470 3735 pererit,
497 3670 568 3714 oum
591 3656 647 3715 eas
671 3649 846 3714 sententias
874 3649 966 3714 novis
996 3649 1102 3714 verbis
1132 3650 1217 3714 male
1246 3647 1473 3733 exprimendas

337 3755 502 3838 arriperet,
528 3755 618 3818 velut
639 3754 693 3834 IV,
721 3757 869 3817 aro—29
900 3753 965 3834 (cfr.
992 3773 1046 3837 pg.
1073 3756 1139 3830 73).

423 3858 521 3922 Nulla
542 3857 639 3938 igitur
661 3856 775 3920 harum
798 3856 1058 3940 explicationum,
1085 3876 1170 3938 quae
1191 3855 1234 3920 ad
1249 3861 1379 3939 poetam
1395 3876 1473 3920 auc-

337 3969 437 4028 torem
459 3966 615 4045 speotant,
641 3960 687 4024 ita
708 3966 893 4044 comparata
916 3966 974 4040 est,
1000 3965 1036 4024 ut
1051 3979 1161 4024 omnes
1182 3957 1371 4024 iterationes
1387 3979 1473 4022 eom-

337 4065 525 4150 prehendat.
565 4065 640 4148 Ipse
663 4064 827 4128 meliorem
851 4063 992 4147 reperire
1014 4083 1078 4128 non
1101 4062 1191 4147 potui
1213 4082 1317 4144 neque
1340 4060 1474 4146 reperiri

337 4189 434 4254 posse
457 4176 548 4253 puto,
575 4187 685 4250 quare,
712 4187 783 4230 curn
806 4167 847 4232 ab
871 4166 936 4230 alia
951 4165 1074 4230 ratione
1090 4184 1281 4248 progressus
1298 4184 1353 4230 eas
1370 4161 1474 4247 expli-

340 4294 414 4339 care
437 4272 586 4353 conabor,
614 4270 793 4336 temeritate
815 4269 900 4334 trahi
921 4289 986 4334 non
1008 4268 1150 4334 videbor.

424 4375 581 4440 Existimo
605 4375 691 4440 euim
714 4373 896 4438 aLucretio
919 4373 991 4457 ipso
1013 4391 1137 4456 paucas
1160 4372 1349 4436 iterationes
1372 4370 1474 4434 factas
