3312 5280
779 403 992 463 ...32-

316 580 529 674 exposuerat,
564 609 602 654 co
625 596 749 654 tantum
772 589 907 655 consilio
931 590 1095 673 disputata
1118 597 1244 670 essent,
1280 597 1312 653 nt
1334 596 1456 654 oetero-

317 714 387 758 rum
424 692 685 776 pbilosophorum
723 693 885 758 doctrinas
923 713 1025 758 vanas
1063 711 1135 757 esse
1173 691 1452 756 demonstraretur.

318 797 462 880 Apparet
477 801 584 859 autern
595 794 742 860 versibus
755 797 925 860 483-634
939 794 1180 859 fundamentum
1196 800 1344 860 constare
1359 795 1456 858 totius

320 899 483 963 doctrinae
506 897 736 973 Lucretianae,
763 897 848 979 quod
871 918 942 963 curn
964 897 1091 978 iecerit,
1118 897 1208 962 sacili
1230 897 1359 980 negotio
1382 917 1456 980 pro-

318 1003 374 1066 bat
407 1007 586 1067 ceterorum
622 1000 662 1065 de
695 1001 877 1084 principiali
907 1001 1043 1066 materia
1079 1000 1247 1084 opiniones
1283 1000 1360 1064 labi.
1416 1003 1458 1064 At

323 1104 421 1168 talem
444 1103 556 1168 barum
579 1103 653 1168 libri
676 1104 772 1186 primi
794 1103 932 1187 partium
956 1103 1176 1169 condicionem
1192 1123 1251 1186 per
1266 1111 1458 1187 quopropter

323 1207 513 1290 particulam
553 1205 737 1288 significare
773 1226 837 1270 non
873 1205 987 1290 potuit.
1048 1205 1193 1284 Deinde,
1229 1212 1265 1269 ut
1304 1205 1458 1270 faciamus

322 1316 450 1393 poetam
472 1309 533 1374 hoc
556 1309 650 1373 modo
673 1309 919 1393 primordiorum
935 1309 1110 1374 doctrinam
1127 1309 1261 1374 aliorum
1277 1309 1457 1392 praeceptis

322 1411 523 1496 opposuisse,
548 1419 657 1477 tamen
679 1413 713 1476 in
736 1412 934 1476 transitionis
954 1412 1091 1476 formula
1107 1413 1176 1478 sine
1192 1412 1287 1476 dnbio
1303 1412 1334 1476 ei
1348 1412 1458 1476 dicen-

322 1514 397 1578 dum
421 1520 505 1592 erat,
539 1534 672 1578 omnes
696 1514 841 1579 diversas
865 1514 905 1578 de
935 1514 1070 1580 materia
1101 1514 1276 1580 sententias
1306 1533 1365 1578 sua
1394 1513 1459 1596 pri-

324 1617 516 1682 mordiorum
539 1617 683 1682 doctrina
705 1619 785 1682 tolli.
833 1617 940 1694 Quare
963 1638 1026 1684 non
1047 1619 1077 1684 ci
1092 1618 1196 1699 modo,
1223 1618 1279 1699 qui
1296 1617 1458 1682 materiem

323 1741 427 1785 rerum
451 1740 524 1786 esse
547 1728 700 1804 putarunt
725 1721 850 1804 ignem,
877 1741 947 1785 cum
977 1721 1093 1802 quibus
1121 1741 1199 1786 sane
1229 1740 1355 1801 omnes,
1387 1720 1457 1802 qni-

325 1842 462 1905 cumque
489 1842 586 1887 unam
616 1823 838 1907 principialem
867 1824 1032 1888 materiem
1061 1829 1260 1908 statuerunt,
1293 1823 1461 1906 complecti

325 1926 495 2010 potuisses,
522 1927 790 1991 commemorandi
813 1933 912 2006 erant,
939 1947 1050 1994 rerum
1074 1926 1170 1992 etiarn
1185 1927 1400 2009 Anaxagorae
1418 1925 1459 1990 de

325 2029 560 2094 homoeomeria
582 2029 752 2094 sententia.

411 2132 461 2196 Ab
483 2132 555 2215 ipso
576 2132 674 2214 igitur
696 2138 793 2216 poeta
814 2133 863 2198 illi
884 2152 996 2198 versus
1018 2136 1101 2213 (635.
1121 2134 1149 2214 6)
1173 2152 1213 2198 ne
1229 2133 1269 2198 ab
1285 2131 1375 2195 initio
1390 2131 1461 2213 qui-

325 2234 397 2299 dem
414 2231 487 2318 p'ost
510 2239 572 2300 634
596 2235 706 2319 scripti
729 2241 811 2301 sunt.
853 2235 975 2301 Eadem
998 2244 1106 2300 autern
1121 2235 1372 2314 ratiocinatione,
1396 2253 1461 2314 qua

325 2356 439 2402 versus
453 2338 496 2418 II,
517 2341 590 2402 478.
614 2342 633 2402 9
656 2338 770 2404 editori
787 2339 967 2415 tribuimus,
993 2338 1190 2419 adducimur,
1217 2345 1252 2403 ut
1266 2337 1349 2402 hanc
1364 2337 1461 2402 itera

325 2441 442 2505 tionem
467 2441 509 2505 ad
533 2441 668 2506 eundem
694 2442 880 2508 referamus.
926 2443 1011 2506 Num
1042 2443 1139 2506 etiam
1168 2445 1229 2506 637
1261 2461 1301 2506 err
1323 2438 1370 2522 II,
1400 2443 1464 2528 lib·

327 2545 367 2608 ab
390 2543 450 2609 hoc
471 2544 606 2610 iteratus
630 2545 681 2625 sit,
707 2545 863 2610 incertum
886 2551 946 2610 est.

412 2648 539 2730 Reliqui
558 2655 632 2714 sunt
647 2649 690 2726 II,
711 2651 868 2712 177-83.
917 2647 1039 2726 Quibus
1062 2667 1137 2731 pars
1157 2647 1295 2712 efficitur
1309 2647 1383 2722 loci,
1407 2605 1464 2726 qui

327 2757 418 2816 extra
430 2770 584 2816 conexum
598 2751 667 2816 eius
679 2749 878 2833 quaestioriis
889 2750 1097 2835 interpositus
1109 2757 1168 2842 est,
1184 2770 1266 2831 quae
1279 2751 1427 2814 tta-162
1438 2749 1458 2829 ¹)

327 2860 359 2917 et
384 2856 551 2918 ter-332
575 2853 615 2918 de
638 2853 882 2937 primordiorum
904 2854 1041 2919 motibus
1069 2853 1255 2918 instituitur.
1303 2853 1349 2916 Ac
1378 2852 1463 2914 mala

327 2955 453 3020 fortuna
474 2955 600 3020 initium
624 2956 693 3022 eius
717 2957 777 3022 loci
807 2946 987 3021 mutilatum
1018 2963 1084 3021 est:
1116 2955 1150 3020 in
1180 2955 1269 3020 exitu
1297 2961 1405 3020 tamen
1433 2954 1464 3017 ci

327 3057 516 3138 refutantur,
536 3059 590 3141 qui
604 3059 710 3142 ignari
726 3061 890 3140 materiae,
910 3059 996 3141 quod
1014 3067 1149 3124 naturae
1168 3058 1245 3123 ordo
1260 3057 1345 3122 vitae
1360 3057 1463 3122 bomi-

327 3181 401 3226 num
432 3169 497 3226 tam
528 3161 785 3247 accommodatus
816 3163 873 3243 sit,
907 3162 1014 3226 omnia
1043 3161 1161 3226 adsis
1192 3161 1364 3226 constituta
1392 3179 1465 3224 esse

327 3263 461 3347 fingunt.
509 3264 636 3330 Deinde
659 3273 835 3347 sequuntur
855 3265 905 3329 illi
927 3284 1058 3329 versus:

385 3370 445 3429 177
469 3389 542 3430 nom
565 3368 707 3452 quomode
729 3389 834 3431 reram
856 3361 997 3451 iquorem
1014 3365 1196 3449 primordio
1219 3388 1297 3448 qaae
1319 3365 1391 3444 siat,

469 3469 653 3534 laetamen
675 3494 712 3534 ea
735 3471 812 3554 ipsis
834 3469 915 3534 coeli
935 3469 1108 3534 rationibus
1132 3467 1233 3531 oasim

469 3573 652 3656 confirmare
675 3575 806 3659 aliisque
829 3597 866 3637 ea
888 3575 980 3637 rebus
1001 3573 1132 3636 reddere
1154 3570 1271 3652 maltos,

389 3678 449 3740 180
472 3698 670 3760 nequaquem
692 3678 780 3740 nobis
802 3676 952 3740 divinitas
975 3698 1039 3739 esse
1062 3682 1199 3738 ereetum

469 3787 617 3844 notorum
638 3780 765 3842 mandi:
790 3788 879 3843 tanto
900 3788 964 3844 etot
979 3777 1131 3862 praedito
1153 3778 1256 3859 calpa.

471 3905 550 3966 quae
574 3883 814 3965 siliquatarius,
841 3882 981 3957 Memmi,
996 3881 1158 3964 faciemus
1179 3887 1311 3961 operto:

355 3983 361 3992 ’
471 4007 552 4048 anne
574 3985 620 4061 e'd,
647 3986 731 4069 qood
751 3992 902 4067 caperest,
927 3985 965 4046 ele
987 3984 1121 4046 motibus
1143 3981 1349 4064 expediemus.

514 4090 622 4164 (Nune
645 4089 729 4150 locos
752 4096 808 4163 est,
833 4086 1003 4170 artoptam,
1031 4086 1063 4148 t'n
1079 4085 1128 4148 tis
1143 4085 1226 4148 illud
1240 4081 1466 4169 pauperebus

336 4225 538 4235 -α

402 4312 417 4370 ¹l
439 4308 476 4374 ΙΙ,
491 4311 548 4361 163·
561 4312 575 4360 4
590 4314 630 4373 l=
642 4309 690 4374 IV,
704 4311 763 4362 207.
776 4311 799 4373 8)
811 4309 949 4365 insiticios
959 4323 1021 4363 esse
1030 4305 1103 4361 inira
1113 4305 1311 4360 demonstrabo
1324 4319 1368 4372 pg.
1382 4304 1411 4352 tl
1424 4315 1466 4370 sq.
