3312 5280
771 391 987 450 „40-

408 574 448 654 V,
474 576 536 638 946
639 573 796 638 montibus
817 598 833 638 e
855 575 976 659 usupare
998 577 1195 639 decursus
1216 575 1368 660 uquam

394 677 449 757 VI,
476 678 539 741 608
557 675 716 760 priuepto
739 698 825 740 more
846 677 1004 742 mirantur
1025 701 1086 743 aea
1108 679 1239 742 reddere
1260 679 1361 742 mutus

555 787 721 856 ‚acturam
748 802 808 864 quo
823 780 866 844 sr't
881 789 987 845 teutus
1008 783 1206 846 decursus
1227 803 1442 867 uquarum,

564 881 669 946 crucia
691 905 751 968 quo
774 883 902 947 ueutuut
923 905 962 947 eu
984 883 1220 970 omniflumiuu
1236 891 1343 966 purte.
1427 895 1430 901 '

565 985 646 1048 udde
668 1007 763 1069 cupos
785 985 895 1050 imbris
918 994 1177 1071 tempestatesque
1199 987 1350 1061 aetantes.

306 1089 367 1154 llio
389 1090 553 1152 decursum
576 1110 740 1171 equorum,
765 1108 837 1154 cum
860 1089 965 1155 fontes
988 1109 1051 1154 non
1073 1089 1180 1154 miuus
1200 1109 1298 1172 quam
1313 1088 1445 1154 flumina

305 1211 345 1257 ao
368 1211 456 1256 mare
478 1198 599 1275 augeat
618 1194 701 1273 (261.
722 1195 766 1272 2),
785 1191 866 1256 nihil
882 1191 1065 1276 significare
1080 1191 1144 1258 nisi
1159 1192 1309 1258 imbrem:
1336 1199 1445 1258 contra

305 1295 339 1359 in
362 1302 452 1360 sexto
475 1294 556 1360 libro
579 1295 681 1359 solam
704 1313 775 1359 eam
798 1295 1030 1376 accessionem,
1058 1314 1140 1377 quae
1168 1294 1250 1361 mari
1276 1315 1317 1361 ex
1340 1294 1445 1360 flumi-

305 1398 400 1462 nibus
422 1395 551 1476 affluat,
583 1397 764 1480 intelleget,
802 1397 993 1480 quicumque
1026 1396 1206 1462 accuratius
1236 1417 1308 1462 eum
1339 1398 1445 1462 locum

305 1500 503 1584 adspexerit.
558 1499 705 1582 Denique
738 1499 863 1565 accedit
892 1505 1132 1582 argumentum,
1166 1519 1229 1582 qno
1263 1501 1331 1566 solo
1363 1499 1445 1564 illud

305 1603 435 1686 quidem
458 1601 645 1684 ostenditur,
672 1605 834 1667 261-72
857 1602 885 1667 si
908 1609 1048 1686 aposta
1070 1602 1182 1686 scripti
1205 1601 1286 1683 sint,
1318 1622 1384 1667 non
1406 1621 1444 1667 eo

305 1727 369 1790 quo
391 1707 525 1772 decebat
546 1707 616 1772 loco
639 1705 773 1771 traditos
796 1725 880 1771 esse.
928 1705 1085 1788 Diligenti
1112 1705 1198 1771 enim
1221 1705 1444 1788 disquisitione

306 1799 576 1892 Stuerenbnrgius
606 1809 698 1890 (Acta
719 1828 784 1874 soc.
810 1808 901 1893 Lips.
933 1808 980 1890 II,
1008 1809 1180 1889 379-83)
1215 1806 1445 1873 demonstravit

305 1912 476 1978 formulam
499 1912 584 1996 quod
603 1920 745 1995 superest
766 1911 945 1976 adhibitam
967 1930 1031 1975 non
1061 1929 1135 1976 csse
1161 1930 1181 1975 a
1204 1909 1353 1975 Lucretio
1382 1909 1445 1974 nisi

305 2017 361 2096 ita,
388 2021 424 2080 ut
439 2013 482 2080 ad
499 2013 595 2080 finem
611 2013 899 2097 argumentationis
913 2013 966 2079 vel
982 2012 1233 2079 enumerationis
1248 2013 1399 2078 transiret
1405 2015 1441 2096 ¹).

306 2119 424 2184 Nostro
446 2136 522 2183 vero
544 2117 616 2182 loco
638 2136 709 2182 cum
732 2117 885 2200 probetur
907 2121 1057 2198 quattuor
1080 2117 1240 2182 elementa
1254 2123 1444 2200 consumpta

306 2221 448 2304 regigni,
475 2219 581 2285 verbis
604 2221 687 2302 quod
706 2227 848 2302 superest
877 2219 920 2284 ad
949 2218 1069 2284 umoris
1092 2219 1315 2285 tractationem
1337 2225 1442 2284 trans-

304 2327 384 2390 itur:
410 2344 486 2407 ergo
502 2322 585 2388 hanc
600 2329 735 2407 partem,
755 2323 783 2387 si
792 2343 819 2400 ,a
834 2329 931 2407 poeta
946 2321 1081 2388 oriunda
1096 2329 1192 2403 esset,
1216 2329 1357 2388 extremo
1373 2323 1443 2388 loco

304 2427 443 2512 positam
458 2425 559 2492 fuisse
581 2444 715 2491 necesse
737 2431 796 2506 est,
823 2425 869 2490 ita
891 2431 927 2490 ut
948 2431 1022 2509 post
1041 2427 1103 2488 305
1120 2423 1309 2490 collocanda
1332 2425 1383 2505 sit,
1409 2423 1444 2489 id

221 2601 224 2608 ,
304 2529 390 2613 quod
405 2529 553 2614 proponit
569 2527 849 2612 Stuerenburgius,
876 2528 904 2592 si
926 2526 1019 2592 modo
1038 2527 1136 2593 verba
1152 2527 1221 2592 eius
1236 2533 1322 2593 recte
1338 2527 1438 2610 capia,

304 2655 377 2700 cum
392 2633 505 2698 editori
520 2631 638 2698 falsam
655 2631 896 2697 collocationem
912 2631 1025 2714 culpae
1037 2636 1150 2695 vertat.
1183 2630 1226 2695 Et
1240 2630 1297 2695 ille
1313 2629 1442 2712 quidem

304 2743 390 2802 recte
412 2736 492 2819 agit.
539 2733 662 2813 Quodsi
684 2752 739 2799 eos
762 2753 875 2798 versus
899 2733 973 2798 aliis
996 2753 1121 2816 quoque
1150 2733 1246 2798 rebus
1275 2740 1441 2818 suspectos

306 2860 378 2906 esse
401 2838 626 2917 demonstravi,
653 2844 686 2903 et
707 2844 877 2920 praeterea
898 2855 1012 2902 versus
1035 2838 1184 2900 273-80
1207 2857 1324 2921 graves
1339 2838 1442 2904 offen-

304 2943 412 3009 siones
435 2941 591 3021 excitant,
623 2960 705 3023 quae
732 2960 835 3021 neque
857 2939 1094 3024 transponendo
1116 2959 1221 3022 neque
1243 2939 1442 3023 seiungendo

304 3067 325 3110 a
351 3044 501 3111 carminis
530 3043 738 3110 continuitate
768 3044 938 3125 tollantur,
970 3040 1099 3107 fortiore
1133 3042 1176 3108 ad
1204 3048 1328 3108 textum
1357 3051 1442 3108 recte

304 3146 562 3222 constituendum
585 3146 726 3212 remedio
749 3145 903 3211 utendum
925 3145 996 3210 erit.

390 3251 474 3316 Nam
497 3249 582 3316 aeris
598 3249 745 3314 tractatio
761 3249 929 3314 incohatur
944 3247 1110 3332 particulis
1128 3269 1210 3311 auree
1225 3247 1334 3332 tpttur,
1359 3268 1441 3331 quae

303 3355 356 3420 hic
379 3353 440 3420 soli
464 3352 679 3419 coniunctioni
700 3352 888 3418 inserviunt.
937 3351 1059 3418 Ceteris
1090 3358 1197 3417 autem
1219 3351 1299 3417 locis
1322 3352 1441 3417 Lucre-

303 3457 401 3524 tianis
423 3477 505 3523 uuae
527 3455 626 3539 ipitur
646 3454 764 3520 locutio
792 3453 928 3520 eandem
950 3454 1111 3519 notionem
1134 3452 1245 3531 habet,
1271 3473 1367 3537 quam
1389 3464 1441 3518 ut-

305 3561 377 3646 qui3
402 3559 530 3644 ponitur
552 3558 651 3641 igitur
672 3558 705 3621 in
729 3557 948 3641 assumptione
971 3556 1170 3641 syllogismi:

348 3664 402 3744 IV,
430 3665 493 3727 230
510 3669 679 3744 praeterea
702 3660 848 3745 quonium
870 3659 1013 3722 munibus
1037 3667 1174 3723 tractata
1182 3659 1297 3744 flpuru

427 3751 429 3758 ¹
517 3764 551 3827 iu
568 3761 701 3827 tenebris
717 3762 872 3846 quaedam
887 3761 1082 3844 eopuosca'tur
1097 3783 1163 3825 esse
1178 3761 1285 3825 eudem
1308 3765 1387 3844 quae

374 3955 390 4018 ¹)
412 3950 565 4006 Vahlenius
586 3948 764 4016 (Monatsbsr.
785 3947 813 4002 d.
828 3947 902 4002 Berl.
916 3946 1006 4002 Acad.
1026 3947 1100 4018 Aug.
1117 3949 1192 4012 1877)
1213 3964 1276 4003 eum
1294 3948 1440 4018 impugna-

303 4041 347 4095 vit
370 4040 447 4094 nullo
471 4042 637 4108 argumento
655 4036 760 4091 adlato.
798 4035 869 4090 Nam
895 4036 970 4104 quod
994 4036 1066 4089 dixit
1088 4051 1144 4091 non
1162 4035 1255 4090 omnia
1273 4052 1290 4089 a
1308 4033 1440 4090 Stueren-

302 4126 403 4194 bergio
420 4125 537 4180 collecta
555 4137 616 4177 esse
635 4122 770 4190 exempla,
791 4122 840 4174 vix
855 4122 1003 4190 quicquam
1021 4123 1107 4176 valet.
1140 4119 1218 4176 Unus
1235 4137 1302 4176 sane
1314 4122 1391 4176 loeus
1404 4121 1440 4174 ab

302 4227 337 4266 eo
349 4211 561 4279 praetermissus
573 4215 632 4263 est:
653 4207 703 4272 IV,
718 4209 776 4273 768,
797 4209 845 4277 qui
863 4213 957 4263 tamen
975 4209 1014 4272 id,
1034 4209 1109 4276 quod
1128 4207 1175 4262 ille
1191 4209 1226 4262 de
1239 4206 1357 4262 formula
1370 4208 1441 4276 quot

300 4303 421 4366 superest
438 4294 639 4366 pronuntiavit,
660 4293 814 4349 confirmat.
