3312 5280
765 335 981 394 „74-

299 524 376 604 neit,
409 521 533 588 welche
561 541 620 586 aus
651 519 712 586 den
742 519 903 586 kleinsten
926 520 1062 587 Theilen
1093 519 1181 586 dicht
1203 521 1443 606 3011105100-

300 627 401 692 bildet
416 625 503 690 sind«
519 631 579 688 eto.
619 624 657 688 Id
679 623 763 688 enim
787 622 1004 688 demonstrare
1025 624 1094 688 vult
1116 631 1213 708 poeta
1233 625 1309 691 inde
1330 629 1440 700 0503,

300 752 384 792 0000
414 753 452 792 00
475 751 554 812 qaae
583 727 682 790 solido
712 735 804 810 atque
834 735 959 790 aeterno
983 749 1113 809 corpore
1136 737 1291 809 constent,
1325 730 1444 794 001111ῗο0

301 855 379 916 quae
401 852 508 894 rerum
530 829 771 913 primordiaque
798 851 863 892 esse
885 830 1029 892 docemus
1055 832 1140 912 (500.
1170 832 1212 914 1).
1260 831 1443 914 Eodemque

300 936 395 1000 modo
417 942 490 997 caat
511 931 763 1015 intellegendum
786 932 985 996 astinem:
1013 951 1063 997 nes
1086 933 1175 1014 giebt
1197 934 1265 1000 also
1281 934 1363 1000 leste
1378 934 1444 999 und
1469 983 1476 1008 „

301 1039 358 1104 des
387 1039 511 1102 Leeren
534 1037 632 1100 baare
658 1035 806 1120 Kdrper«.
857 1038 934 1097 526:
967 1055 1025 1100 nes
1055 1035 1144 1117 giebt
1172 1037 1241 1101 also
1263 1037 1443 1104 bestimmte

302 1143 439 1224 Kdrper,
459 1139 583 1205 welche
586 1168 689 1202 .....
709 1145 741 1203 et
757 1141 830 1202 538.
850 1141 886 1200 9:
910 1137 1035 1219 0101101,
1055 1158 1150 1203 wenn
1165 1159 1201 1204 00
1217 1139 1299 1206 feste
1315 1140 1445 1206 Grund-

300 1246 419 1328 kdrper
440 1244 538 1327 giebt,
565 1242 627 1308 wie
649 1241 700 1306 ioh
724 1241 851 1324 gezeigt
866 1241 959 1321 habe,
986 1240 1071 1306 dann
1095 1249 1225 1307 01110000
1249 1242 1339 1309 diese
1361 1244 1445 1327 cwig

302 1349 396 1414 sein«.
440 1352 513 1410 515.
535 1350 570 1410 6;
598 1365 648 1410 »00
671 1363 759 1409 10000
783 1343 958 1428 primordia
974 1364 1035 1408 von
1057 1346 1304 1410 unsterbliohem
1319 1347 1445 1430 Kdrper

302 1452 417 1534 geben,
443 1450 477 1514 in
501 1449 623 1514 welche
652 1448 720 1512 sich
749 1448 829 1512 alles
857 1445 1005 1513 aufldsen
1028 1448 1143 1512 kann«.
1192 1447 1283 1525 Quae
1306 1469 1377 1514 cum
1399 1451 1446 1514 ita

302 1555 385 1632 sint,
419 1553 570 1635 quoniam
600 1551 739 1616 dubitari
768 1551 856 1615 nullo
886 1551 982 1615 modo
1012 1557 1132 1634 potest,
1168 1552 1246 1634 quin
1279 1560 1352 1636 post
1383 1556 1444 1617 608
1493 1549 1495 1554 ’

302 1675 414 1722 versus
444 1665 517 1719 caat
546 1644 644 1740 ipitui
673 1654 774 1718 solida
790 1654 972 1736 primordia
994 1655 1195 1736 simplicitate
1218 1656 1265 1722 sic
1288 1657 1445 1740 interpre-

302 1759 421 1825 tandus
450 1759 501 1840 sit,
534 1757 568 1823 id
597 1777 724 1840 quoque
752 1757 847 1822 facile
871 1757 1057 1840 perspicies,
1084 1759 1445 1842 000000154710100

301 1864 450 1928 iteratum
474 1881 557 1928 esse.
605 1860 750 1926 Eandem
780 1861 864 1939 enim
888 1860 1049 1925 notionem
1073 1861 1101 1925 si
1122 1861 1198 1928 huic
1220 1862 1289 1926 loeo
1311 1862 1446 1928 adhibe-

302 1987 394 2044 mus,
420 1985 549 2031 sensum
579 1964 647 2030 fieri
675 1984 738 2028 non
768 1970 888 2028 rectum
920 1983 960 2029 ex
982 1963 1058 2048 ipsa
1079 1964 1342 2048 interpretatione
1365 1965 1447 2031 Ger-

303 2069 430 2134 manica
444 2067 630 2152 apparebit:
654 2087 706 2131 »es
722 2066 812 2148 giebt
827 2067 897 2131 also
912 2065 1085 2149 primordia
1099 2087 1161 2132 von
1178 2069 1277 2134 fester
1291 2069 1446 2140 Einfach-

303 2173 389 2252 heit,
422 2170 488 2235 und
518 2169 577 2235 auf
610 2169 707 2234 keine
736 2168 857 2234 andere
887 2169 995 2234 Weise
1023 2169 1151 2236 ko'nnen
1182 2172 1230 2248 sie
1257 2221 1264 2234 .
1293 2173 1445 2238 ..001100

304 2275 366 2340 0011
388 2272 598 2339 unendlicher
614 2272 685 2336 Zeit
707 2271 760 2336 die
776 2271 1005 2354 Gegenstande
1021 2273 1342 2340 wiederhemtellen«.
1384 2277 1446 2342 Po·

305 2377 368 2442 tius
390 2376 430 2454 is,
456 2375 509 2458 qui
533 2373 617 2438 hune
639 2394 765 2439 versum
787 2374 926 2457 repetiit,
950 2375 1075 2458 putavit
1098 2395 1134 2441 eo
1155 2376 1346 2459 significari:
1370 2378 1446 2444 »Die

304 2478 478 2564 primordia
500 2477 573 2543 sind
600 2477 670 2542 also
692 2475 966 2559 gekennzeiehnet
988 2476 1089 2542 durch
1112 2477 1193 2544 feste
1215 2479 1444 2546 Einiachheit«.

305 2582 429 2653 Deinde
451 2581 625 2646 absurdum
648 2587 746 2658 esset,
771 2580 799 2644 si
822 2580 1008 2660 Lucretius,
1034 2588 1204 2664 postquam
1227 2583 1333 2649 verbis
1361 2585 1441 2669 (545)

512 2706 575 2748 esse
597 2684 770 2746 immortali
784 2683 964 2765 primordia
979 2706 1107 2766 corpore
1130 2686 1242 2750 deleat

304 2786 480 2872 primordia
503 2809 586 2851 esse
609 2785 699 2866 dixit,
726 2786 813 2850 nullo
836 2806 920 2852 novo
943 2795 1132 2868 argumento
1155 2790 1255 2854 allato
1269 2789 1354 2856 idern
1371 2810 1448 2856 000-

307 2890 462 2956 tenderet.
511 2888 634 2966 Quibus
665 2888 705 2954 de
736 2889 842 2954 causis
873 2910 943 2954 oum
975 2897 1122 2956 constare
1151 2893 1299 2958 videatur
1328 2894 1448 2960 Luere-

305 2995 386 3060 tium
416 2992 553 3058 eundem
584 3011 711 3056 versum
740 3012 803 3057 non
833 2985 925 3057 varia
951 2993 1079 3059 notione
1102 2995 1308 3078 repetiturum
1331 2996 1444 3080 fuisse,

306 3117 378 3162 eum
409 3096 581 3162 insiticium
611 3101 687 3179 puto
716 3095 856 3177 itemque
879 3099 952 3158 549.
980 3100 1030 3177 50,
1065 3098 1128 3179 qni,
1161 3098 1189 3164 si
1218 3098 1274 3165 ille
1303 3101 1448 3165 sublatus

307 3207 366 3278 est,
393 3220 465 3265 oum
487 3199 648 3283 prioribus
672 3197 820 3281 coniungi
844 3206 1005 3282 nequeant
1027 3221 1066 3264 ao
1088 3220 1192 3284 paene
1212 3202 1269 3266 toti
1286 3223 1326 3268 ex
1340 3203 1448 3268 verbis

307 3302 508 3368 Lucretianis
532 3301 654 3366 consuti
678 3301 752 3366 sint.
801 3301 973 3367 Praeterea
1002 3303 1062 3367 etsi
1085 3303 1297 3370 concedamus
1321 3325 1446 3370 versum

512 3412 585 3468 sam
607 3403 706 3488 ipitur
727 3403 829 3466 solida
845 3404 1026 3486 primordia
1048 3405 1250 3488 simplicitate

306 3507 352 3572 ita
374 3507 455 3572 verti
476 3526 588 3591 posse:
615 3506 691 3571 »Die
713 3505 886 3590 primordia
909 3505 981 3571 sind
1003 3508 1073 3573 also
1095 3529 1156 3574 von
1180 3509 1279 3575 100101
1294 3508 1449 3574 Einfach-

307 3611 396 3686 110111,
423 3610 470 3674 ita
491 3618 526 3674 ut
549 3629 587 3674 ea
610 3628 692 3691 quae
715 3615 889 3691 sequuntur
912 3609 994 3674 bene
1016 3610 1242 3695 adiungantur,
1262 3619 1369 3678 tamen
1384 3633 1450 3677 una

309 3720 489 3792 00100000,
516 3731 572 3776 cur
595 3731 667 3776 eum
690 3711 742 3776 hie
764 3711 933 3776 molestum
956 3730 1028 3778 0000
1044 3713 1275 3778 existimemus.
1314 3715 1399 3778 Nam
1421 3714 1449 3779 si

310 3816 357 3880 sic
379 3835 430 3881 100
453 3835 488 3880 00
510 3814 654 3894 haberet,
681 3833 792 3897 exeo,
819 3814 904 3896 quod
927 3814 1098 3880 immortali
1123 3836 1254 3900 corpore
1276 3816 1449 3900 primordia

308 3925 391 4001 0001,
412 3919 617 4002 colligeretur
631 3938 670 3984 ea
686 3917 791 3982 solida
806 3937 890 3982 esse.
930 3918 1031 3983 Paulo
1047 3939 1124 3986 vero
1145 3926 1221 3984 ante
1242 3926 1338 4003 poeta
1359 3919 1446 3996 inde,

309 4021 393 4103 quod
415 4022 519 4088 solida
541 4021 718 4106 primordia
741 4040 813 4086 esse
836 4019 965 4101 debent,
992 4021 1122 4105 collegit
1145 4042 1184 4087 ea
1206 4027 1339 4088 aeterna
1355 4041 1445 4087 esse:

439 4147 512 4208 erqo
535 4125 565 4188 si
584 4123 686 4188 solida
708 4147 745 4186 ac
767 4123 833 4186 siae
855 4123 946 4186 inani
966 4145 1098 4206 corpora
1115 4124 1224 4206 prima

439 4236 513 4290 suat
535 4229 580 4292 ita
602 4228 652 4291 uti
673 4226 774 4305 docui,
802 4226 866 4290 siat
887 4226 964 4290 laec
986 4234 1114 4292 aetemca
1140 4237 1302 4292 necessest.
