3312 5280
656 433 934 508 -79--1

194 641 249 686 sus
273 624 325 684 90.
354 626 367 682 1
402 641 443 685 ex
473 621 552 684 libro
574 620 676 704 prime
699 619 851 704 repetitos
875 618 1095 696 substituisse,
1122 617 1240 700 quippe
1263 614 1335 696 qui·

196 725 254 790 bus
282 743 320 788 eu
350 725 419 789 loeo
442 722 571 788 minime
595 722 637 788 sit
660 743 751 807 epus.
771 741 782 764 ¹
799 722 864 788 Sed
886 722 1011 788 duabus
1034 721 1139 802 rebus,
1166 739 1246 804 quas
1269 718 1336 802 pri-

194 845 264 892 mus
287 826 498 891 Neumannus
521 824 762 905 animadvertit,
788 825 865 890 mihi
894 825 1105 910 persuadetur
1126 841 1240 888 versus
1262 821 1336 885 illus

323 931 406 993 uude
428 930 537 992 veluus
559 929 641 1012 ipru's
658 927 840 1012 perverterit
862 937 918 992 aut
939 928 973 991 iu
995 937 1100 991 utrum
1122 948 1155 989 se

325 1033 455 1097 uerterit
476 1033 548 1096 ltiue
565 1041 703 1117 purtem,
731 1054 789 1116 pue
807 1041 905 1116 pacto
925 1054 985 1116 per
1007 1033 1076 1095 toea
1098 1039 1208 1112 saepta

324 1136 505 1214 iusiuuarit,
531 1145 563 1200 et
583 1135 655 1200 lriuc
678 1137 856 1200 deminutus
878 1144 914 1199 ut
936 1135 1086 1198 eututerit
1107 1155 1139 1196 se

194 1246 266 1324 pest
289 1241 351 1304 382
374 1239 457 1305 falso
479 1239 616 1304 insertos
640 1258 722 1305 esse.
769 1239 923 1321 Legimus
946 1238 1037 1330 euim
1059 1236 1122 1319 (VI,
1150 1237 1212 1299 379
1228 1235 1310 1316 sqq.)
1325 1259 1336 1304 ;,

323 1343 379 1406 lzoc
402 1350 449 1406 est
471 1341 604 1427 ipurfiri
623 1350 772 1406 ueterum
784 1341 940 1428 fulminis
962 1341 1062 1424 e'prsam

318 1444 497 1527 perspicere
520 1453 550 1508 et
572 1467 633 1528 que
655 1445 688 1508 ui
698 1445 810 1530 faciat
831 1466 897 1507 rem
920 1465 1071 1528 quumque
1094 1441 1207 1519 uidere,

323 1570 384 1612 uere
403 1548 566 1633 Tprrlreuu
588 1571 623 1610 re
626 1556 673 1611 tro
626 1549 861 1612 tuolueutem
884 1568 1025 1610 carmine
1038 1547 1134 1632 frtus
1134 1567 1172 1608 ru

321 1650 440 1714 iudicia
462 1651 600 1713 occultae
623 1650 729 1713 diuum
749 1650 933 1734 perquirere
956 1650 1079 1713 meretis

192 1751 228 1816 Iu
251 1751 426 1837 lymhenis
454 1759 560 1818 autem
589 1753 781 1818 carminibus
812 1753 846 1817 id
875 1753 968 1818 medo
991 1752 1145 1836 seriptum
1169 1756 1248 1826 erat,
1274 1749 1335 1814 hee

192 1856 244 1920 vel
267 1855 348 1920 illud
370 1854 537 1919 fulminum
560 1874 661 1970 genus
684 1855 825 1921 faustum
853 1856 959 1921 sitan
981 1857 1067 1920 male
1089 1859 1203 1934 omine,
1230 1872 1333 1935 neque

193 1956 328 2034 veroid,
347 1959 429 2020 urtcle
444 1957 583 2021 suiuus
568 1957 650 2041 spuis
667 1959 848 2040 peruenerit
863 1967 920 2022 ete.
954 1958 1061 2036 Quare
1076 1958 1332 2023 πως-3834)

193 2059 245 2124 hie
258 2080 321 2125 uon
337 2066 472 2144 possunt
487 2060 634 2144 primitus
650 2061 755 2126 locum
767 2061 931 2127 habuisse.
960 2063 1131 2127 Praeterea
1143 2077 1257 2124 versus
1270 2059 1332 2122 336

193 2183 256 2228 non
279 2169 386 2252 potest
408 2184 473 2228 uua
495 2184 567 2228 eum
592 2166 718 2229 ess-5
742 2186 763 2229 a
780 2165 966 2250 perquirere
986 2167 1068 2248 (384)
1097 2162 1249 2248 pendere.
1291 2161 1332 2225 Hi

193 2266 277 2331 euim
301 2266 343 2332 ad
366 2267 522 2332 rationem
544 2267 715 2351 pertinent,
742 2256 864 2334 illead
886 2289 958 2334 eam
982 2268 1220 2351 quaestionem,
1247 2264 1332 2348 quod

193 2389 287 2434 emen
315 2370 350 2434 iu
377 2369 515 2452 singulis
543 2370 659 2435 ictibus
688 2371 795 2436 inesse
824 2372 939 2455 pessit.
987 2371 1197 2437 Desideratu'r
1225 2377 1332 2435 antem

192 2492 232 2537 ea
247 2473 403 2556 quaestio,
428 2495 516 2536 uum
528 2475 721 2558 faustum
743 2475 800 2537 sit
811 2475 986 2560 fulmen.
1027 2474 1151 2551 Quibus
1167 2473 1208 2538 de
1224 2472 1331 2539 causis

193 2575 271 2640 mihi
302 2595 367 2641 uon
397 2575 528 2640 dubium
557 2584 622 2658 est,
652 2577 728 2660 quin
751 2597 862 2643 versus
894 2581 1034 2644 ese-5
1065 2585 1122 2643 aut
1149 2576 1333 2660 interpolati

192 2685 246 2742 aut
269 2699 290 2742 a
312 2678 431 2744 lectore
446 2677 480 2742 in
495 2679 640 2762 margine
656 2679 820 2764 adscripti,
845 2679 963 2746 deiude
978 2682 1011 2744 in
1027 2687 1209 2747 contextum
1224 2686 1332 2744 trans-

192 2781 249 2846 lati
272 2782 352 2857 siut,
384 2782 431 2846 ita
460 2790 495 2846 ut
524 2802 621 2846 unum
651 2784 877 2848 Lucretianum
906 2784 1120 2868 depellerent,
1154 2781 1208 2865 qui
1238 2801 1332 2864 quem

193 2904 322 2949 sensum
345 2883 501 2966 habuerit,
528 2887 609 2951 bene
633 2906 674 2951 ex
696 2906 744 2967 ee,
771 2908 866 2970 quem
880 2889 1090 2953 Neumannus
1109 2885 1211 2964 finxit,
1237 2905 1332 2964 versu

191 2987 405 3070 intellegitur:
447 2989 524 3072 quid
554 2988 616 3054 sibi
642 2989 811 3073 praedicat
837 2991 952 3076 fausti
984 2991 1031 3054 uis
1063 2991 1228 3074 splendida
1263 2989 1328 3052 teli.

192 3091 303 3173 ltaque
325 3092 476 3174 queniam
499 3092 638 3158 dubitari
653 3093 773 3176 nequit,
800 3095 876 3177 quin
898 3097 1004 3159 Sir—9
1027 3100 1113 3159 reete
1134 3113 1169 3158 se
1192 3091 1332 3158 habeant

192 3213 230 3258 eo
260 3194 347 3274 loeo,
388 3195 442 3259 ubi
473 3195 598 3262 codices
628 3217 684 3262 eos
714 3199 884 3282 praebent,
917 3197 1060 3280 sequitur
1089 3217 1202 3263 versus
1233 3201 1285 3261 90.
1314 3203 1324 3259 1

192 3297 274 3362 falsu
297 3317 338 3361 ex
360 3296 441 3362 libro
463 3299 565 3381 primo
588 3300 740 3384 repetitos
762 3320 845 3366 esse.
871 3339 913 3348 —

278 3399 400 3464 Eodem
435 3399 501 3466 lere
531 3401 625 3475 modo
654 3389 750 3485 atque
779 3404 827 3480 is,
860 3423 954 3486 quem
984 3403 1078 3468 modo
1108 3404 1326 3482 tractavimus,

191 3504 280 3568 loeus
302 3503 457 3588 explicari
480 3512 615 3589 pessunt
636 3526 751 3572 versus
860 3517 862 3522 '

653 3611 691 3690 V,
720 3613 858 3673 210-2.

278 3714 340 3774 206
364 3712 448 3794 quod
467 3722 608 3792 superest
629 3713 709 3789 arvi,
737 3721 839 3777 tameu
862 3712 898 3775 id
919 3721 1035 3777 nutura
1057 3736 1114 3778 suu
1137 3715 1169 3777 ui

366 3813 503 3876 sentibus
526 3813 671 3890 obducat,
696 3815 732 3878 ui
752 3816 799 3879 eis
821 3815 957 3879 humanu
979 3815 1109 3880 resistat

367 3915 446 3980 vitai
466 3938 561 3980 eausa
583 3917 687 3980 valido
710 3927 855 3982 consuetu
879 3918 999 3983 bidenti

367 4020 521 4104 iupcmere
544 4028 575 4084 et
598 4029 715 4084 terrum
732 4022 853 4103 pressis
871 4023 1076 4104 proscindere
1098 4020 1226 4086 aratris.

276 4126 338 4186 210
361 4122 391 4185 si
411 4145 473 4186 uon
484 4124 645 4208 fecundus
669 4132 822 4187 uertentes
845 4145 966 4188 uomere
987 4126 1095 4209 plebes

370 4227 526 4309 terraique
548 4228 648 4290 solum
670 4226 845 4310 subipeutes
867 4227 965 4290 cimus
988 4229 1033 4291 ad
1052 4237 1149 4310 ortus,

366 4338 475 4411 spoute
497 4352 554 4393 suu
576 4338 729 4412 nequeunt
751 4329 887 4414 liquidus
911 4331 1042 4394 existere
1065 4331 1098 4393 iu
1120 4352 1225 4394 aceras.
