3312 5280
800 487 992 546 ,6.-

332 668 449 732 fectum
478 689 551 735 esse
582 670 742 734 existimet
780 676 914 752 (quaest.
946 672 1091 736 Louban.
1124 672 1173 751 ll,
1203 692 1256 754 pg.
1284 674 1302 733 9
1330 690 1378 752 sq.
1411 669 1468 734 cfr.

331 789 438 852 annal.
464 787 575 872 philol.
596 793 647 866 67,
673 812 726 873 pg.
747 794 808 854 664
826 811 872 873 sq.
900 792 940 854 N.
960 792 997 854 Β.
1019 812 1073 873 pg.
1094 793 1229 873 4sqq.).
1271 790 1329 854 Oui
1351 789 1472 854 Pollius

331 908 487 973 adsentiri
509 885 636 974 videtur
663 910 728 994 (cfr.
755 932 836 993 quae
859 911 901 975 ad
923 913 961 992 V,
984 915 1138 976 rus-32*
1154 911 1287 976 adnotat
1310 910 1467 992 Philolog.

335 1031 455 1110 XXVI,
475 1051 526 1113 pg.
548 1033 636 1112 345).
676 1031 761 1108 Quid
776 1052 836 1114 ego
853 1032 893 1097 de
909 1053 950 1097 ea
964 1052 999 1097 re
1015 1033 1161 1112 sentiam,
1181 1031 1266 1096 infra
1281 1051 1468 1116 proponam.

420 1150 538 1214 Contra
560 1150 729 1215 Eduardus
752 1151 874 1217 Goebel
900 1152 933 1216 in
956 1151 1245 1218 Observationibus
1270 1153 1471 1217 Lucretianis

334 1271 463 1334 Bonnae
489 1273 569 1334 1854
594 1273 764 1354 contendit,
791 1293 874 1356 quae
896 1295 982 1338 nunc
1005 1274 1038 1337 in
1062 1273 1256 1339 carminibus
1279 1274 1397 1339 iterata
1413 1295 1471 1339 ex—

334 1397 428 1472 stent,
454 1412 517 1456 non
541 1392 704 1458 minimam
728 1400 851 1476 partem
874 1395 914 1458 ab
937 1395 992 1460 illo
1016 1396 1135 1460 lectore
1159 1395 1349 1478 philosopho
1365 1395 1470 1461 Lach-

334 1511 506 1577 manniano
539 1512 649 1578 addita
678 1534 759 1601 esse.
813 1515 926 1598 Neque
959 1522 1067 1580 tamen
1104 1516 1177 1598 plus
1211 1521 1358 1598 quattuor
1391 1515 1471 1581 locis

335 1633 495 1698 tractavit.
1058 1632 1060 1636 ’

420 1755 499 1818 Item
523 1754 702 1820 Friderious
726 1757 896 1821 Neumann
918 1756 951 1820 in
975 1755 1212 1836 dissertatione,
1240 1777 1334 1838 quarn
1357 1757 1398 1820 dc
1420 1756 1471 1820 in-

334 1874 598 1957 terpolationibus
628 1876 828 1941 Lucretisnis
858 1878 950 1942 Halis
982 1880 1063 1940 1875
1094 1876 1213 1958 edidit,
1246 1882 1370 1960 partem
1398 1896 1472 1940 ver-

334 2015 425 2058 suum
448 1996 653 2078 repetitarum
677 1998 818 2077 seclusit,
844 1997 903 2064 sed
926 1990 1030 2080 neque¹
1052 1999 1091 2063 de
1114 1998 1261 2063 omnibus
1285 1997 1352 2081 egit
1367 2017 1471 2080 neque

335 2121 438 2180 certas
461 2115 601 2182 rationes
625 2123 754 2182 secutus
777 2125 836 2182 est.

419 2237 583 2301 Postremo
599 2237 754 2303 Aemilius
769 2238 893 2304 Hallier
917 2237 1066 2321 (Lucretii
1089 2237 1231 2302 carmina
1248 2259 1266 2302 e
1282 2237 1471 2319 fragmentis
1565 2304 1568 2309 ,

334 2357 537 2440 Empedoclis
560 2357 760 2424 adumbrata.
807 2361 906 2424 Ienae
932 2362 1023 2440 1857)
1051 2359 1085 2423 in
1108 2359 1329 2424 iterationibus
1351 2358 1471 2423 Lucre-

335 2476 414 2540 tium
429 2477 633 2560 Empedoclis
656 2478 689 2542 in
712 2479 824 2562 primis
848 2478 1108 2544 consuetudinem
1131 2477 1289 2542 imitatum
1306 2497 1378 2542 esse
1395 2498 1472 2543 cen-

335 2597 408 2661 suit.
457 2597 550 2682 Quod
572 2619 674 2682 neque
697 2599 811 2664 ceteris
834 2619 937 2682 neque
960 2598 1039 2662 milri
1067 2599 1135 2683 (cfr.
1162 2619 1217 2683 pg.
1244 2603 1263 2662 9
1287 2601 1370 2684 sqq.)
1397 2619 1472 2683 per-

335 2717 446 2783 suasit.

420 2839 472 2903 Ex
494 2838 544 2905 bis
574 2860 656 2922 quae
687 2839 815 2905 narravi
843 2846 977 2924 apparet
1006 2861 1070 2905 non
1098 2860 1169 2905 esse
1197 2860 1471 2924 supervacaneum

335 2959 419 3024 bano
440 2959 481 3024 dc
503 2960 628 3025 iteratis
651 2961 798 3026 versibus
821 2961 1021 3025 Lucretianis
1048 2959 1266 3043 quaestionem
1296 2966 1396 3024 totam
1419 2979 1471 3023 re-

335 3085 455 3162 petere.
503 3079 554 3143 Ad
583 3100 678 3162 quam
708 3101 778 3145 oum
808 3081 871 3145 iam
902 3080 1073 3157 accedam,
1108 3079 1143 3142 id
1173 3079 1275 3143 solum
1305 3083 1404 3142 restat
1436 3082 1472 3141 ut

322 3198 497 3293 'Guilelmo
513 3199 713 3266 Studemund
732 3200 852 3284 gratias
875 3221 981 3283 agam,
1008 3199 1063 3282 qui
1085 3204 1121 3262 ut
1143 3198 1270 3263 omnino
1293 3197 1334 3261 de
1358 3195 1471 3261 studiis

336 3321 415 3385 meis
431 3321 477 3386 ita
492 3321 532 3386 (16
548 3320 607 3386 hoc
624 3321 732 3386 libello
748 3321 886 3386 maxime
908 3295 1039 3386 meritus
1063 3325 1120 3384 est.
1162 3318 1225 3396 Qui
1243 3337 1472 3401 quamquama

338 3446 403 3506 toto
419 3441 514 3506 buius
529 3441 631 3507 libelli
647 3442 780 3506 oonsilio
796 3442 1016 3523 dissentiebat,
1039 3447 1147 3505 tamen
1168 3439 1364 3522 quaestionis
1387 3444 1473 3504 certa

337 3561 462 3628 ratione
484 3583 522 3628 ac
544 3562 598 3626 via
619 3561 837 3627 instituendae
860 3567 968 3626 auctor
990 3582 1028 3626 ac
1052 3561 1118 3625 dux
1140 3559 1209 3624 luit.
