3312 5280
782 379 996 442 ‚58-

478 578 508 632 et
530 567 658 650 capiant
680 589 788 631 aeneus
810 576 840 631 et
855 577 975 650 puncto
1000 576 1136 650 tempore
1158 569 1302 646 reddant,

477 681 513 734 ut
533 693 642 734 noscas
664 671 786 756 referre
809 671 916 733 eadem
932 669 1110 751 pn‘nzorctia
1132 691 1237 734 cerum

480 796 548 837 cunc
571 773 681 857 quibus
705 780 735 836 et
758 771 849 856 quati
864 772 1010 855 positura
1033 772 1251 838 contineantur

479 885 509 940 et
531 897 606 959 quoe
627 875 710 938 inter
731 897 764 938 se
786 875 861 938 dent
881 883 982 938 motae
1004 874 1231 959 accipiantque.

323 981 391 1045 Hoc
413 977 498 1044 enim
520 979 590 1042 loco
612 977 774 1061 pertinent
788 978 887 1043 verba
905 979 1028 1063 nepscrne
1043 979 1149 1042 eadem
1158 978 1338 1061 primordia
1353 1001 1458 1044 rerum

324 1105 394 1146 cum
405 1082 516 1167 quibus
528 1089 558 1145 et
569 1081 658 1165 quati
664 1080 809 1163 positura
820 1081 1038 1144 contineantur
1049 1079 1091 1145 ad
1100 1089 1135 1144 ut
1148 1103 1251 1145 omnes
1265 1104 1316 1146 res
1331 1105 1458 1147 conaer-

326 1185 528 1270 tantforntao
544 1192 722 1267 mutentque
737 1184 867 1260 cotonea,
882 1190 914 1249 et
925 1184 1024 1248 verba
1040 1205 1116 1268 quoa
1131 1183 1213 1248 inter
1227 1207 1260 1248 ce
1272 1186 1346 1250 dent
1356 1197 1456 1250 motas

324 1287 540 1370 accipiantque
562 1284 604 1350 ad
626 1294 662 1349 ut
683 1286 812 1368 capiant
825 1307 933 1349 aeneus
948 1293 978 1349 et
987 1293 1107 1368 puncto
1125 1295 1260 1368 tempore
1274 1288 1453 1372 reaaaua).

322 1391 366 1456 Iis
389 1390 499 1472 igitur,
524 1407 603 1471 quos
625 1387 708 1453 inter
731 1407 765 1453 se
788 1387 899 1454 eadem
921 1375 1096 1472 primordia
1118 1388 1194 1454 dent
1222 1389 1451 1474 accipiantque,

325 1492 469 1582 motibus·
493 1491 693 1556 continentur
715 1509 840 1556 sensus.
888 1491 930 1554 At
958 1490 992 1554 in
1021 1491 1167 1556 versibus
1189 1492 1222 1572 I,
1250 1494 1323 1556 820.
1352 1498 1365 1556 1
1399 1495 1459 1559 mi-

324 1595 408 1660 nime
431 1593 466 1658 fit
488 1592 659 1658 discrimen
682 1613 791 1658 earum
815 1612 932 1672 rerum,
958 1613 1040 1675 quae
1055 1593 1203 1659 sensibus
1220 1594 1367 1678 praedita
1382 1596 1454 1680 sint,

326 1718 410 1780 quae
432 1717 495 1762 non
519 1695 584 1761 sint
605 1695 760 1780 praedita.
808 1695 921 1777 Itaque
951 1695 979 1760 si
1002 1695 1035 1760 hi
1058 1715 1169 1762 versus
1192 1703 1325 1780 utroque
1347 1700 1416 1765 loco
1439 1721 1459 1764 a

326 1808 421 1886 poeta
444 1800 553 1884 scripti
577 1805 701 1878 essent,
727 1797 761 1862 in
782 1797 864 1863 libro
887 1797 1026 1863 secundo
1048 1798 1094 1864 ita
1115 1799 1242 1883 repetiti
1272 1809 1409 1879 essent·
1424 1811 1459 1868 ut

326 1903 546 1994 multominus
562 1902 905 1985 latepaterent·quam
927 1901 961 1965 in
983 1901 1096 1984 primo,
1123 1901 1208 1984 quod
1229 1901 1308 1967 mihi
1331 1903 1458 1986 quidem

325 2005 528 2071 nullomodo
552 2003 655 2087 accipi
671 2023 765 2088 posse
788 2001 923 2067 videtur.
972 2002 1007 2069 si
1031 2003 1115 2067 enim
1132 2003 1259 2070 omnino
1275 2005 1458 2072 iterationes

326 2109 366 2172 ab
389 2128 426 2173 eo
450 2107 552 2172 factas
574 2124 646 2170 esse
668 2111 828 2188 putamus,
853 2104 886 2168 in
909 2105 955 2170 eis
978 2105 1095 2186 ubique
1111 2106 1350 2174 sensusinesse
1365 2107 1459 2174 debet

325 2211 422 2276 idem.
491 2211 494 2216 ’

413 2311 617 2397 Quapropter
639 2331 710 2376 meo
733 2310 801 2376 iure
830 2310 1021 2377 contendere
1044 2311 1155 2377 videor
1184 2331 1296 2378 versus
1320 2315 1457 2377 ert-9

327 2438 398 2486 esse
422 2413 467 2483 ab
485 2415 713 2499 interpolatore
734 2413 876 2478 iteratos.
902 2451 954 2498 -—,

412 2519 554 2586 Facilius
576 2516 766 2603 perspicitur
789 2515 918 2582 cosdem
940 2537 1051 2583 versus
1074 2517 1459 2585 insecundolib1·0male

324 2626 456 2690 iteratos
479 2642 567 2689 esse:

781 2723 829 2799 II,
858 2727 995 2788 760—2.

258 2873 261 2878 ,
326 2827 452 2893 Etenim
475 2827 515 2892 de
538 2825 678 2890 Lucretii
701 2825 859 2891 sententia
882 2824 924 2890 ad
952 2826 1075 2890 colores
1098 2824 1270 2906 variandas
1300 2847 1363 2891 non
1392 2846 1460 2892 mo—

326 2937 414 2996 tuum
437 2927 678 3014 primordiorum
702 2927 832 3004 reterre,
858 2927 916 2992 sed
939 2927 1059 2992 formae
1082 2933 1114 2991 et
1136 2927 1256 2992 ordinis
1276 2947 1395 3005 eorum,
1420 2949 1460 2994 ex

326 3033 406 3118 ipsis
429 3032 499 3098 eius
522 3030 629 3097 verbis
658 3032 803 3113 (810-6)
833 3031 948 3094 elucet.
997 3028 1089 3106 Quod
1112 3036 1220 3094 autem
1235 3029 1460 3096 Lachmannus

327 3157 410 3213 eam,
437 3154 531 3216 quam
556 3131 682 3198 codices
698 3131 893 3213 antiquiores
909 3131 1076 3214 praebent,
1101 3131 1270 3197 lectionem
1280 3141 1456 3214 praeterea,

327 3246 362 3303 ut
378 3236 543 3304 enuntiata
557 3241 643 3300 recte
657 3233 741 3299 inter
756 3253 791 3298 se
808 3233 1024 3313 cohaererent,
1050 3253 1120 3297 cum
1136 3233 1227 3298 Italis
1243 3233 1276 3298 in
1290 3243 1459 3317 propterea

327 3347 450 3405 mutare
474 3344 601 3404 coactus
624 3343 708 3416 erat,
742 3336 817 3401 inde
847 3356 939 3401 meae
967 3335 1008 3400 de
1038 3335 1089 3400 his
1114 3336 1259 3401 versibus
1283 3338 1459 3402 sententiae

399 3515 416 3576 ¹)
437 3511 469 3564 In
487 3509 609 3564 motibus
627 3508 838 3578 primordiorum
858 3506 940 3560 situm
961 3511 1011 3570 est,
1033 3522 1097 3560 num
1115 3509 1276 3577 complexus
1290 3524 1383 3562 eorum
1397 3525 1460 3564 sen·

327 3601 406 3653 susi.
422 3614 446 3652 e.
463 3593 790 3650 »animalischesLeben«
808 3593 964 3661 accipient,
978 3593 1062 3661 idque
1080 3593 1129 3656 ita,
1150 3601 1197 3658 ut,
1218 3593 1241 3647 si
1260 3599 1353 3649 motus
1372 3596 1461 3650 miuus

328 3685 387 3752 apti
416 3688 494 3746 sunt,
521 3681 654 3736 continuo
678 3695 727 3734 eos
750 3679 889 3732 amittant.
928 3677 1026 3746 Neque
1053 3678 1140 3743 enim,
1170 3685 1203 3734 ut
1226 3679 1376 3747 Briegerus
1399 3683 1461 3735 vult

330 3767 475 3835 (Philolog.
496 3765 587 3830 XXV,
606 3766 659 3827 89),
680 3766 715 3818 de
733 3762 962 3832 perceptionibus
980 3763 1063 3816 animi
1088 3778 1178 3817 sermo
1197 3769 1254 3818 est:
1281 3766 1357 3834 quod
1376 3765 1400 3819 si
1418 3765 1461 3819 in-

327 3854 501 3922 tellegamus,
523 3851 590 3921 quid
609 3850 645 3904 sit
663 3865 774 3903 »sensns
787 3848 930 3911 reddere«,
952 3848 1128 3902 nullomodo
1147 3847 1262 3904 dicatur.
1301 3849 1362 3903 Hoc
1380 3850 1461 3904 modo

328 3939 409 3993 simul
427 3938 465 4003 id,
486 3937 562 4006 quod
579 3936 609 3989 in
626 3935 760 4004 proximis
778 3933 905 4002 legimus,

516 4003 553 4085 il,
576 4023 637 4072 1011
755 4020 825 4088 quad
841 4018 869 4071 in
887 4019 1022 4073 curtennis
1032 4021 1150 4089 fluitare
1167 4020 1284 4074 videraut

660 4105 735 4158 reduc
754 4110 779 4157 et
796 4105 929 4158 interdum
947 4105 1025 4158 enasci
1040 4106 1174 4175 creditaque
1188 4106 1281 4174 perire

329 4195 432 4250 clarum
451 4191 491 4246 fit.
527 4191 598 4246 Nam
618 4191 703 4246 verba
721 4191 750 4243 iu
768 4191 875 4244 crimmis
885 4191 1002 4261 fluitare
1020 4191 1095 4244 retae
1112 4191 1254 4258 pertinent
1269 4191 1305 4244 ad
1318 4189 1421 4245 formas
1433 4199 1462 4246 et

328 4281 445 4344 colores,
467 4277 554 4332 verba
571 4277 703 4330 interdum
721 4277 798 4330 nasei
813 4275 945 4346 cubitoque
957 4277 1046 4346 putre
1063 4275 1212 4331 adsensus
1228 4275 1287 4341 (cfr.
1303 4278 1459 4343 see-eon.
