3312 5280
793 453 1010 513 -10-

381 639 440 698 119
465 629 508 711 ὡς
531 630 560 700 δ)
587 629 720 700 δπόταν
742 643 888 722 γραφέες
912 632 1118 724 ἀναθήματα
1143 640 1372 722 ποικίλλιοσιν,

465 731 580 824 ἀνέρες
604 732 692 825 ἀμφὶ
715 743 832 826 τέχνης
855 735 923 806 ύπδ
946 739 1064 828 μήτιος
1087 731 1124 807 εύ
1147 741 1302 825 δεδαῶτε,

466 835 525 906 οἵτ’
552 840 627 907 ἐπεὶ
651 831 710 909 σύν
731 841 897 930 μάρψωσι
919 842 1093 932 πολύχροα
1118 843 1281 932 φάρμακα
1303 850 1408 931 χερσί,

465 940 608 1031 ἁρμονίῃ
630 948 769 1029 μίξαντα
792 945 918 1030 τὰμὲν
941 950 1044 1032 πλέαι,
1073 943 1158 1014 ἀλλα
1182 944 1209 1013 δ
1236 946 1377 1031 ἐλάσσω,

465 1049 500 1114 ἐκ
523 1057 588 1116 τῶν
610 1049 701 1116 ε’ίδεα
725 1059 831 1119 πᾶσιν
854 1047 988 1138 ἀλίγκια
1011 1051 1230 1139 πορσύνουσι,

465 1152 647 1241 δένδρεά
671 1180 712 1220 τε
736 1155 885 1235 κτίζοντι
909 1151 1152 1243 καὶάνέρας
1174 1153 1246 1244 ἠδὲ
1270 1170 1472 1242 γυναῖκας

465 1256 600 1345 θῆράς
634 1254 659 1322 τ’
697 1257 877 1336 οἰωνούς
907 1285 949 1326 τε
980 1263 1052 1326 καί
1084 1255 1473 1347 ύδατοθρέμμονας

508 1360 635 1444 ἰχθύς

465 1463 1470 1554 καίτεθεούςδολιχαίιαναςτιμῇσιφερίστους.

336 1572 418 1635 Item

380 1679 398 1739 3
422 1671 534 1738 πολλὰ
550 1673 586 1738 δὲ
602 1667 692 1740 δείλ’
711 1672 851 1758 ἕμπαια,
872 1669 954 1739 τάπ’
974 1669 1237 1758 ἀμβλύνουσι
1259 1680 1470 1761 μερίμνας.

337 1781 397 1842 228
421 1775 525 1864 μύρια
541 1773 844 1861 δειλάπὲλονται,
866 1772 945 1842 τάπ’
971 1772 1235 1861 ἀμβλύνουσι
1257 1784 1470 1865 μερίμνας.

423 1882 543 1947 Similis
559 1881 656 1946 studii
672 1881 705 1945 in
720 1882 860 1947 Lucretii
876 1883 1071 1948 carminibus
1090 1884 1214 1947 nullum
1236 1891 1356 1948 eertnrn
1373 1884 1472 1948 vesti-

336 1987 423 2069 gium
440 1993 489 2052 est
540 1986 675 2052 Ceterae
697 1992 804 2051 autern
826 1987 1012 2052 iterationes
1029 1986 1263 2070 Empedocleae
1286 1987 1369 2051 tales
1387 1993 1469 2069 sunt,

336 2091 449 2172 quales
471 2090 505 2153 in
528 2111 583 2174 pg.
602 2093 685 2152 7—-9
710 2089 876 2172 descripsi,
903 2110 997 2172 quae,
1024 2090 1051 2155 si
1072 2090 1106 2154 in
1122 2089 1262 2156 Lucretii
1278 2090 1487 2154 carminibus

336 2193 550 2274 inveniantur,
576 2192 638 2258 nisi
661 2191 745 2257 aliae
761 2212 880 2258 causae
896 2193 943 2257 eis
959 2195 1097 2276 obstent,
1115 2215 1179 2258 non
1195 2193 1369 2260 offendant.
1410 2193 1474 2258 Ant

336 2297 421 2362 enim
444 2297 582 2361 minores
605 2302 661 2360 aut
683 2295 819 2360 maiores
837 2296 1073 2361 enuntiatorum
1089 2304 1199 2381 partes
1215 2303 1412 2381 repetuntur,
1439 2303 1474 2360 ut

381 2420 443 2481 218
469 2414 643 2502 Κύπριδος
667 2415 703 2481 ἓν
725 2414 895 2501 παλάμῃς.

381 2524 443 2584 242
467 2517 642 2606 Κύπριδος
666 2517 702 2585 ἓν
721 2518 932 2604 παλάμῃσιν.

380 2629 442 2688 414
465 2621 580 2706 θυμὸν
603 2618 892 2709 ἀποῤῥαίσαντας.
940 2628 1002 2689 435
1026 2619 1141 2706 θυμὸν
1158 2617 1421 2710 ἀποῤῥαίσανττ.

403 2731 443 2792 66
474 2730 532 2792 καὶ
575 2721 665 2793 ταῦτ’
714 2721 982 2792 ἀλλάσσουσα
1028 2727 1267 2813 διαμπερὲς
1316 2720 1473 2808 σύδαμὰ

510 2830 640 2918 λήγει.

403 2924 485 3018 72ᾖ
519 2933 555 2998 δὲ
593 2927 663 2997 τάδ
711 2927 981 3020 ἀλλάσσοντα
1027 2933 1263 3018 διαμπερὲς
1309 2927 1475 3014 ούδαμὰ

511 3035 642 3124 λήνει.

402 3197 442 3255 94
468 3186 536 3255 ἀλλ’
556 3185 644 3256 αὔτ’
671 3189 950 3272 ἔστιντοῦτο,
978 3184 1025 3254 δι’
1045 3185 1475 3277 ἀλλήλιανδὲθὲσντα

467 3300 666 3380 γίγνεται
690 3289 859 3359 ἄλλοθεν
882 3289 966 3358 ἀλλα
990 3293 1149 3380 διηνεκὲς,
1176 3293 1250 3358 αἰὲν
1272 3287 1385 3376 ὁμοῖα.

384 3401 443 3462 108
468 3392 573 3463 αὐτὰ
618 3395 694 3483 γὰρ
740 3396 857 3463 ’ἐστιν
900 3403 1045 3479 ταῦτα,
1099 3391 1150 3462 δι’
1199 3391 1389 3483 ἀλλήλων
1434 3395 1476 3459 δὲ

510 3506 669 3567 θέοντα

467 3608 667 3688 γίγνεται
690 3598 905 3667 ἀλλοιωπά·
933 3600 1111 3680 διάπτυξις
1134 3598 1197 3688 γὰρ
1222 3596 1365 3684 ἀμείβει.

384 3712 443 3770 114
468 3702 567 3773 αύτδι
590 3705 663 3793 γὰρ
689 3706 953 3787 ἐ’στινταύτα,
981 3699 1026 3770 δι’
1053 3700 1236 3792 ἀλλήλων
1259 3706 1302 3770 δὲ
1325 3710 1475 3771 θέοντα

467 3805 631 3896 γίγνοντ’
659 3805 842 3896 ἄνθρωποί
865 3833 900 3873 τε
923 3809 979 3872 καὶ
1003 3803 1115 3874 ἄλλων
1138 3806 1243 3875 ἔθνεα
1266 3815 1413 3896 θνητῶν.

403 3970 443 4030 66
467 3966 525 4030 καί
546 3958 636 4031 ταῦτ’
663 3958 875 4029 ἀλλάσσουσα
899 3963 1084 4049 διαμπερὲς
1113 3957 1246 4044 ούδαμὰ
1269 3961 1371 4050 λήγει,

468 4063 623 4134 ἀλλοτε
660 4067 737 4151 μὲν
775 4062 981 4153 φιλότητι
1018 4059 1296 4151 συνερχόμεν’
1337 4063 1396 4140 εἰς
1434 4064 1478 4129 ἓν

512 4165 700 4253 ἅπαντα,

469 4270 617 4339 ἄλλοτε
642 4268 671 4339 δ’
691 4263 739 4340 ού
762 4267 844 4355 δίχ’
869 4271 1029 4337 ἕκαστα
1045 4269 1288 4359 φορεύμενα
1310 4275 1478 4346 νείατος

511 4376 646 4460 ἔχθει.
