3312 5280
829 429 1044 490 ..64-

371 630 527 691 eeremus,
554 631 610 676 eur
632 635 712 696 qaae
732 633 790 696 pro
813 635 891 696 quaa
914 614 1067 698 seriptum
1089 621 1193 694 esset,
1219 616 1309 680 nullo
1332 615 1427 681 modo
1456 617 1504 682 in·

370 713 587 796 tellegeretur.
634 715 752 780 Contra
774 715 802 780 si
824 715 867 780 ad
888 722 988 781 totum
1011 715 1092 780 illud
1114 716 1314 782 enuntiatum

642 817 783 882 dominos
805 819 889 882 aeria
910 819 1099 900 ademerunt,
1126 819 1230 884 omnia
1249 841 1342 903 ponae

525 942 603 1004 quoe
625 921 733 984 miseri
753 923 893 1002 eredunt,

370 1020 553 1104 pertineret,
581 1025 666 1106 qaod
685 1043 744 1106 pro
767 1047 847 1108 quae
869 1023 1071 1090 scribendum
1087 1031 1167 1090 erat.
1201 1023 1324 1102 Quodsi
1342 1025 1415 1091 illos
1431 1046 1503 1091 ver—

370 1143 425 1188 sus
454 1125 634 1206 secluserit,
661 1127 761 1191 verba
783 1149 861 1210 quoe
884 1126 948 1190 aiei
967 1127 1089 1210 respuas
1111 1149 1149 1192 ea
1171 1127 1274 1192 animo
1305 1127 1401 1194 facile
1429 1148 1504 1214 per-

368 1226 471 1292 tinent
493 1227 535 1292 ad
557 1229 657 1294 verba

500 1336 540 1395 50
564 1340 667 1394 cetero
690 1354 769 1415 quoe
778 1332 862 1416 fleri
882 1333 915 1394 a'a
939 1331 1032 1396 terris
1055 1333 1201 1416 coeloque
1224 1342 1349 1398 tueatur

567 1535 643 1599 loeo
656 1536 791 1620 fam'unt
812 1536 933 1600 animoa
955 1537 1092 1600 humilis.

368 1636 455 1702 Dicit
476 1637 574 1720 igitur
596 1645 700 1722 poeta,
727 1637 884 1704 horrificis
906 1639 971 1704 illis
994 1640 1100 1720 rebus,
1127 1639 1265 1721 quaein
1287 1639 1380 1705 terris
1396 1642 1502 1706 eaelo

368 1759 430 1820 que
452 1739 541 1820 fiant,
567 1741 727 1807 neminem
750 1741 871 1806 moveri
894 1741 1011 1808 debere
1034 1741 1126 1824 adeo,
1160 1748 1195 1808 ut
1217 1742 1372 1825 originem
1394 1763 1501 1808 eorum

367 1863 388 1906 a
409 1841 479 1908 deis
502 1843 598 1908 ducat
620 1863 739 1926 eosque
761 1865 834 1910 eum
857 1846 952 1910 rebus
973 1845 1155 1928 coniungat,
1182 1865 1265 1927 quae
1280 1845 1328 1911 eis
1350 1845 1503 1929 indignae

367 1946 557 2028 alienaeque
580 1947 671 2030 panis
693 1967 801 2012 eorum
825 1947 900 2012 sint.

452 2050 616 2114 Postremo
639 2049 958 2115 animadvertendum
981 2057 1048 2131 est,
1081 2057 1235 2132 quantum
1265 2051 1426 2117 intereas
1449 2071 1501 2116 res

365 2151 507 2230 intersit,
539 2171 621 2233 quae
649 2152 684 2217 in
706 2153 817 2233 quinto
840 2153 926 2218 etin
950 2159 1040 2218 sexto
1062 2153 1143 2218 libro
1165 2152 1298 2218 deorum
1320 2153 1501 2238 opinionem

365 2253 516 2319 excitent.
549 2254 586 2318 In
602 2254 713 2336 quinto
728 2261 853 2338 speetat
863 2255 1030 2337 Lueretius
1046 2255 1089 2322 ad
1104 2255 1357 2338 magnitudinem
1369 2262 1402 2322 et
1412 2256 1498 2321 ordi·

365 2375 439 2422 nem
455 2376 559 2422 rerum
574 2357 697 2434 mundi,
713 2358 903 2441 praesertim
919 2378 1039 2440 earum,
1066 2379 1148 2441 quae
1166 2358 1200 2424 in
1216 2360 1305 2426 eaelo
1321 2365 1498 2440 versentur,

366 2479 445 2543 quas
468 2460 565 2526 etiam
588 2460 630 2538 ii,
655 2461 709 2542 qui
738 2462 804 2526 iam
833 2461 1005 2528 didicerint
1035 2461 1112 2527 deos
1142 2461 1222 2526 nihil
1250 2461 1368 2528 adres
1391 2461 1498 2526 mundi

366 2562 534 2646 pertinere,
562 2563 667 2629 mirati
689 2562 784 2629 faeile
806 2564 840 2629 in
862 2564 1011 2646 antiquas
1034 2563 1205 2648 religiones
1227 2563 1391 2630 recidant:
1450 2619 1458 2650 ,

452 2666 489 2744 V,
518 2668 558 2728 76
576 2673 746 2748 praetereo
768 2666 843 2730 solie
865 2688 974 2730 eureus
996 2666 1147 2750 lunaeque
1169 2676 1290 2732 mentor

585 2769 747 2850 expediam
769 2791 831 2852 quo
853 2769 885 2832 oi
893 2770 1010 2854 flectat
1031 2779 1148 2834 reaturo
1168 2772 1366 2854 padernum,-

584 2893 622 2934 ae
633 2873 728 2956 forte

521 2977 558 3038 81
718 2976 826 3058 aliquo
848 2976 950 3040 divom
974 2977 1058 3040 volni
1077 2976 1200 3040 ratane
1215 2986 1374 3060 putemne.

364 3078 469 3159 Atque
484 3078 583 3142 verba
600 3078 790 3160 praesertim
812 3080 903 3142 rebus
917 3079 951 3141 in
966 3079 1042 3155 illae,
1062 3101 1140 3163 poue
1155 3101 1269 3163 supero
1284 3088 1378 3163 caput
1392 3078 1498 3142 aethe—

363 3181 421 3244 riis
443 3189 613 3244 emuntur
634 3181 668 3244 in
690 3181 754 3244 oris
768 3181 930 3265 pertinent
945 3181 988 3248 ad
1003 3191 1124 3246 meatus
1138 3183 1216 3248 solis
1231 3183 1327 3248 lunae
1341 3188 1498 3248 astrorum

363 3303 536 3366 omnesque
551 3303 614 3364 res,
640 3304 723 3366 quae
744 3290 829 3350 uerte
844 3283 955 3350 ordine
971 3304 1009 3350 ao
1025 3286 1138 3368 regula
1152 3285 1186 3349 in
1201 3285 1292 3351 eaelo
1309 3284 1398 3366 fiunt,
1418 3306 1497 3368 qua

364 3405 433 3449 rum
455 3385 675 3468 magnitudine
698 3407 737 3452 ae
758 3387 791 3451 vi
814 3386 1001 3468 adducaris,
1033 3394 1069 3452 ut
1094 3407 1192 3452 unum
1214 3387 1267 3453 vel
1289 3387 1398 3471 plnres
1419 3387 1497 3453 deos

363 3495 497 3553 ammas.
531 3489 583 3554 ¹In
606 3495 697 3554 sexto
719 3495 827 3554 autem
850 3489 931 3555 libro
954 3489 1136 3555 Lueretium
1163 3489 1204 3556 de
1226 3491 1321 3555 rebus
1344 3490 1425 3555 raris
1447 3493 1497 3556 vel

363 3589 579 3674 singularibus
603 3611 773 3675 exponere,
800 3612 934 3674 quarum
956 3591 1099 3657 maxima
1115 3612 1189 3676 pars
1213 3599 1332 3658 terrore
1355 3591 1498 3658 homiues

363 3691 515 3774 afficiant,
541 3713 605 3758 non
627 3695 721 3759 modo
745 3715 785 3760 ex
807 3694 955 3760 versibus
979 3696 1106 3759 ‹rs-53
1129 3695 1339 3778 intellegitur,
1365 3713 1496 3777 quorum

362 3802 457 3878 eaput
478 3797 658 3861 mutilatum
682 3815 755 3862 esse
778 3816 875 3880 aegre
898 3796 1046 3879 ferimus,
1073 3817 1182 3862 verum
1213 3797 1310 3863 etiam
1334 3817 1375 3863 ex
1399 3793 1494 3861 7314

436 3900 492 3962 sed
513 3899 586 3981 quia
610 3907 673 3963 tute
697 3898 754 3962 tibi
768 3899 900 3982 placida
922 3921 991 3962 oum
1007 3921 1090 3982 paee
1112 3899 1231 3983 quinum
1259 3902 1313 3982 (so.
1332 3898 1419 3982 deos)

436 4000 603 4063 constitues
625 4022 753 4085 mapaoo
775 4001 896 4064 irarum
919 4001 1042 4065 voluere
1051 4001 1185 4087 stactae,

361 4103 481 4168 seilicet
504 4103 531 4168 si
553 4103 716 4187 putaveris
739 4103 880 4169 tonitrua
908 4110 941 4169 et
970 4111 1082 4170 ventos
1108 4105 1149 4169 ab
1172 4104 1220 4170 eis
1243 4104 1411 4188 proficisci.
1458 4105 1496 4168 In

360 4204 469 4287 quinto
492 4204 588 4288 igitur
610 4205 692 4270 libro
707 4213 826 4284 monet,
850 4227 891 4272 ne
914 4226 954 4271 ex
976 4205 1116 4290 sapienti
1132 4212 1228 4289 atque
1243 4206 1353 4290 ampla
1367 4205 1496 4270 institu-

359 4309 445 4373 tione
461 4307 570 4372 mundi
586 4308 720 4391 colligas
737 4308 814 4374 deos
830 4327 915 4384 esse;
936 4310 969 4373 in
986 4317 1077 4374 sexto
1093 4308 1186 4374 doeet
1201 4309 1373 4375 horribiles
1388 4328 1440 4373 res
1454 4309 1497 4372 ad
