3312 5280
650 439 865 501 ..69..

189 651 243 715 pg.
271 631 289 694 8
314 627 408 695 etde

693 731 737 810 11,
762 731 824 794 aas

233 842 424 920 quopropter
445 834 555 898 merito
578 842 754 898 maternum
776 855 886 897 uomere
909 835 1056 918 adeptu-st
1083 835 1137 918 (so.
1156 840 1280 921 natura)

190 947 286 1024 atque
665 935 703 1018 V,
727 928 804 1001 795.
832 941 850 1002 6

345 1040 507 1125 linquitur,
534 1048 569 1104 ut
594 1039 704 1104 merito
727 1048 904 1104 maternum
925 1061 1035 1105 nomeu
1058 1043 1174 1125 adeptu

346 1153 431 1208 terra
452 1143 493 1207 sit
531 1166 546 1206 e
570 1152 656 1207 terra
679 1143 824 1228 quonium
846 1151 919 1206 sunt
940 1152 1052 1208 cuneta
1067 1153 1173 1208 creatu

189 1269 230 1314 ex
252 1247 291 1330 V,
318 1249 374 1312 821
403 1265 473 1330 sqq.

298 1373 394 1435 quare
415 1351 509 1414 etr'om
531 1357 624 1433 utque
647 1349 750 1414 etium
763 1357 938 1413 maternum
960 1363 1069 1415 nomm
1091 1352 1207 1434 adeptu

299 1463 384 1518 terra
407 1461 489 1518 terret
510 1453 631 1532 merito,
658 1453 804 1536 quonium
824 1475 921 1536 quous
942 1453 1012 1536 ipsu
1035 1455 1154 1518 creauit

297 1558 490 1621 humanam.
513 1607 519 1620 .
543 1606 548 1618 .

191 1659 334 1744 repetitis
356 1679 412 1745 pg.
439 1661 479 1722 30
503 1678 552 1740 sq.
579 1656 740 1723 adnotavi.
766 1695 809 1704 —

277 1865 435 1944 Quoniam
457 1883 512 1931 eos
535 1883 647 1930 versus
670 1863 875 1946 absolvimus,
902 1883 981 1946 quos
998 1865 1126 1948 saepius
1143 1865 1176 1930 in
1188 1866 1329 1932 Lucretii

191 1969 383 2034 carminibus
405 1967 556 2052 repetitos
579 1968 728 2050 legimus,
754 1987 839 2033 nune
862 1987 934 2032 eum
956 1966 999 2032 ad
1021 1985 1077 2033 eos
1098 1969 1237 2034 animum
1254 1989 1330 2036 eon-

190 2078 321 2152 vertam,
355 2071 409 2154 qui
432 2091 495 2136 non
519 2069 656 2155 amplius
673 2071 780 2136 'semel
802 2069 909 2135 iterati
932 2077 1016 2151 sunt,
1034 2071 1097 2135 'vix
1119 2071 1285 2156 qnisquam
1309 2095 1330 2138 a

183 2195 241 2241 me
263 2173 447 2259 postulabit,
474 2173 564 2240 utin
587 2173 633 2239 eis
657 2172 884 2239 enumerandis
904 2178 1025 2238 eertum
1041 2173 1184 2240 ordinem
1201 2195 1326 2258 sequar.

192 2278 303 2359 Neque
325 2276 410 2343 enim
433 2275 549 2342 multos
571 2277 659 2342 locos
681 2275 825 2356 afferam,
851 2274 906 2358 qui
929 2295 969 2340 ex
991 2265 1056 2341 una
1077 2276 1254 2360 eademque
1277 2281 1331 2345 vel

191 2381 288 2446 simili
315 2399 414 2446 eausa
441 2379 627 2464 interpolati
648 2377 835 2444 videantur:
867 2377 963 2442 immo
990 2377 1024 2442 in
1054 2379 1200 2464 plurimis
1224 2383 1330 2448 seelu-

191 2484 305 2550 dendis
328 2483 438 2568 plures
463 2502 580 2548 causae
603 2482 722 2547 valent.

276 2587 405 2652 Initium
436 2592 542 2652 autem
574 2585 691 2651 faciam
721 2586 760 2650 ab
791 2605 829 2651 eo
850 2585 940 2665 loeo,
973 2604 1067 2668 quem
1091 2585 1145 2651 diu
1169 2586 1329 2653 haesitavi

190 2697 293 2756 utrum
317 2689 431 2756 editori
454 2711 496 2755 an
519 2688 727 2772 grammatico
750 2688 877 2754 darem:
905 2771 906 2776 ἵ
969 2683 972 2688 ’

662 2792 688 2872 1,
718 2794 854 2857 146-8.

190 2897 252 2975 oui
275 2909 386 2963 versus
410 2916 481 2962 oum
505 2895 569 2962 sint
590 2895 717 2980 repetiti
740 2916 781 2962 ex
802 2900 965 2980 postrema
987 2902 1079 2980 parte
1101 2917 1251 2963 versuum
1271 2899 1326 2982 Vl,

191 3001 328 3083 35242,
356 2999 411 3083 qui
434 2999 530 3064 etiam
553 2997 587 3063 in
602 2999 764 3083 prooemio
781 2997 914 3064 secundi
930 3005 962 3064 et
977 2999 1062 3065 tertii
1078 2999 1151 3064 libri
1167 3001 1326 3085 leguntur,

191 3110 225 3168 ut
239 3102 331 3168 nobis
353 3101 456 3168 visum
482 3108 543 3183 est,
561 3102 608 3166 ¹ab
631 3100 752 3166 editore
768 3099 879 3182 additi,
906 3101 1003 3168 facile
1024 3101 1205 3185 intelleges
1233 3123 1329 3184 quam

192 3212 317 3288 gratum
340 3204 481 3270 futurum
505 3203 600 3270 fuerit
622 3203 706 3269 hane
735 3223 861 3286 quoque
883 3203 1089 3270 iterationem·
1107 3204 1156 3269 illi
1179 3205 1329 3272 tribuere.

191 3307 284 3386 Quod
311 3327 352 3374 ne
373 3307 524 3390 tacerem,
550 3327 615 3372 una
637 3325 735 3373 eausa
757 3305 914 3372 adductus
930 3326 1011 3387 sum,
1030 3327 1127 3392 quam
1149 3295 1235 3373 infra
1256 3330 1330 3393 pro·

191 3429 319 3494 ponam.
366 3409 460 3475 Nune
488 3409 624 3493 primum
653 3409 877 3475 demonstrabo
907 3429 963 3475 eos
993 3417 1104 3476 versus
1134 3431 1155 3476 a
1184 3411 1330 3478 Lucretio

191 3513 326 3597 scriptos
348 3531 412 3578 uon
435 3531 519 3578 esse.

277 3615 384 3681 Verba
416 3614 502 3680 enim
532 3614 613 3678 tuae
651 3623 802 3679 terrorem
831 3637 905 3680 noo
934 3617 1047 3680 rodii
1073 3601 1174 3682 solis
1203 3640 1331 3703 raeque

193 3718 328 3782 lueida
359 3719 440 3782 tela
463 3717 550 3780 utet
570 3717 740 3782 dr'acutr‘urat
761 3739 882 3782 necesse
905 3727 952 3782 eet
973 3719 1102 3786 omnino
1124 3739 1189 3786 non
1211 3720 1332 3786 haberit

192 3839 253 3903 quo
276 3827 433 3905 spectent,
459 3820 521 3886 nisi
544 3820 741 3905 praecedunt
763 3822 861 3886 verba
884 3822 982 3886 ueluti
995 3823 1096 3906 pueri
1117 3823 1331 3906 trepidantia

193 3925 335 4004 tenebris,
362 3924 407 3988 siu
421 3947 477 3988 nos
499 3923 538 3986 a‘ra
561 3925 646 3987 luce
674 3924 734 4006 (bei
749 3924 945 4008 Tageslieht)
967 3926 1108 3990 timemus
1128 3935 1199 4006 ete,
1225 3947 1329 4010 neque

191 4033 326 4110 possunt
349 4026 418 4092 sine
439 4025 505 4091 illis
532 4025 698 4110 compositi
720 4046 804 4094 esse.
853 4028 960 4106 Quare
989 4028 1016 4092 si
1038 4027 1179 4095 Lucretii
1208 4039 1327 4113 essent,

191 4130 242 4195 hio
269 4132 309 4196 ab
337 4150 375 4196 eo
403 4131 515 4196 inserti
537 4136 658 4210 essent,
682 4138 850 4214 postquam
870 4125 927 4213 'VI‚
959 4135 1085 4196 35-42
1110 4133 1221 4218 scripti
1243 4141 1327 4216 sunt.

191 4232 283 4310 Quod
306 4241 337 4299 et
359 4254 418 4319 per
440 4255 475 4300 se
497 4234 566 4300 veri
588 4233 744 4300 dissimile
772 4241 838 4316 est,
864 4255 970 4318 neque
992 4236 1131 4303 Lucretii
1162 4243 1211 4302 est
1234 4256 1331 4302 sonos
1434 4270 1437 4276 ·

191 4343 313 4402 tantum
342 4337 534 4422 profundere
565 4337 654 4402 nulla
683 4356 796 4404 sensus
824 4338 947 4405 ratione
975 4339 1098 4405 habita.
1147 4339 1212 4406 Sed
1234 4339 1331 4406 facile
