3312 5280
782 393 992 472 ..42-

408 584 470 645 650
494 579 599 645 ocrim
621 579 718 642 ordor
740 578 821 642 enim
843 578 1003 642 conductis
1019 577 1168 662 portibus
1190 585 1280 654 eeeet,

490 681 669 767 lonquidior
685 703 786 764 porro
809 680 946 744 disiectis
968 681 1076 765 disque
1098 680 1238 764 capatus:

490 785 626 868 amplias
647 783 704 848 doc
713 783 797 869 ficri
817 784 866 848 nit
885 792 941 864 est,
968 785 1053 868 quod
1067 805 1162 868 posse
1183 783 1286 848 rearis

493 888 607 952 talibus
629 887 663 951 in
685 887 797 970 cuum'o,
824 909 862 950 ue
884 888 958 950 dum
981 887 1139 952 variantia
1160 908 1267 950 rerum

407 994 469 1056 654
494 999 582 1056 tanta
604 998 697 1074 queat
719 989 822 1054 densis
844 989 988 1075 ramisque
1010 1011 1048 1053 ea
1070 989 1193 1074 iquibus
1216 991 1328 1072 esse1).

409 1097 469 1158 675
493 1115 595 1158 nuuc
618 1093 632 1156 i
635 1092 752 1177 qitur
774 1092 920 1177 quoniam
942 1092 1114 1162 eertu'su'mo
1134 1114 1266 1176 corpora
1281 1092 1433 1175 quaedam

490 1204 572 1278 narrt,
600 1217 678 1280 quoe
700 1203 886 1259 conservant
907 1204 1055 1260 naturam
1077 1217 1197 1278 semper
1220 1196 1359 1271 eandem,
1397 1223 1416 1236 ··

491 1318 620 1382 qaorum
643 1297 729 1362 abitu
751 1305 807 1362 aut
829 1297 917 1360 aditu
939 1303 1119 1382 mutatoque
1141 1297 1249 1362 ordine
1271 1305 1393 1361 mutant

491 1408 639 1464 naturam
661 1421 712 1464 ree
734 1407 765 1464 et
786 1407 971 1464 convertant
993 1421 1126 1482 corporo
1148 1421 1223 1482 ecoe,

491 1502 571 1566 scire
594 1501 667 1566 ticet
688 1523 750 1566 non
772 1524 836 1566 esec
857 1501 934 1566 daec
955 1501 1047 1586 iqnea
1069 1524 1201 1585 corporo
1222 1523 1338 1567 rerum.

407 1605 498 1672 Alias
520 1627 602 1670 nuuc
623 1604 721 1690 iqitur
742 1604 775 1670 in
791 1604 992 1671 Lucretianis
1014 1604 1210 1671 carminibus
1232 1625 1296 1670 non
1318 1605 1450 1689 legitur:

321 1708 387 1774 illis
409 1707 490 1774 locis
513 1714 579 1774 tam
602 1713 802 1774 constantem
825 1705 1091 1790 significationem
1110 1706 1216 1790 habet,
1243 1713 1278 1771 ut
1292 1707 1371 1772 mihi
1393 1729 1454 1774 non

323 1811 453 1877 dubium
476 1810 518 1877 sit
540 1810 617 1893 quin
639 1809 699 1876 hon
721 1810 790 1876 loeo
811 1810 857 1890 (V,
878 1812 949 1896 213)
978 1831 999 1876 a
1020 1816 1117 1894 poeta
1138 1829 1202 1875 non
1225 1809 1267 1876 sit
1289 1799 1451 1896 scriptum.

407 1913 532 1982 Deinde
562 1913 659 1978 miror
686 1913 847 1980 neminem
869 1912 976 1980 adhuc
1003 1920 1226 1996 argumentum
1256 1912 1352 1978 huius
1374 1915 1455 1981 alte-

322 2017 389 2084 rius
411 2016 545 2084 membri
566 2016 600 2080 in
616 2015 833 2100 suspicionem
848 2034 993 2082 vocasse.
1034 2017 1072 2096 V,
1093 2018 1234 2080 276—8
1251 2015 1376 2097 dicitur,
1394 2016 1456 2082 nisi

323 2139 378 2185 aer
393 2139 445 2186 res
464 2118 599 2186 fluentes
622 2125 782 2185 recrearet
803 2125 835 2184 et
856 2118 977 2184 amissa
993 2119 1051 2185 illa
1066 2119 1240 2204 primordia
1255 2119 1451 2200 retribueret,

323 2222 413 2288 brevi
442 2228 585 2306 tempore
615 2220 682 2286 tore
711 2227 746 2286 ut
768 2221 875 2286 omnia
897 2220 1149 2288 dissolverentur
1175 2222 1263 2288 etin
1285 2241 1362 2288 aera
1384 2242 1456 2287 ver-

323 2332 476 2392 terentur.
524 2323 692 2390 Lucretius
725 2341 803 2389 vero
837 2342 941 2388 rerum
975 2323 1203 2390 recreationem
1234 2343 1364 2408 prorsus
1393 2323 1456 2388 alio

216 2457 220 2464 ·
322 2427 417 2495 modo
439 2426 507 2494 fieri
530 2433 655 2493 narrat:

367 2531 409 2608 II,
438 2535 519 2596 1105
543 2531 702 2615 multaque
720 2537 797 2614 poet
818 2529 928 2592 muudi
950 2537 1069 2612 tempus
1089 2529 1225 2614 qenitale
1248 2529 1388 2614 diemque

539 2633 752 2718 primiqenum
774 2631 871 2697 morie
894 2641 926 2696 et
949 2641 1052 2698 terroe
1073 2631 1207 2718 solisque
1230 2640 1369 2696 coortum

545 2735 654 2800 addita
677 2756 810 2818 corporo
832 2743 905 2798 suut
927 2735 1128 2812 extrinsecus,
1154 2734 1264 2798 addita
1286 2734 1403 2798 circam

546 2838 675 2914 semina,
701 2859 778 2921 quae
800 2859 949 2922 maquum
971 2837 1137 2902 ioetdaudo
1160 2837 1291 2902 eontulit
1314 2859 1422 2913 omue,·

547 2943 628 3004 uude
650 2962 736 3006 mare
758 2948 790 3006 et
813 2949 915 3004 terrae
930 2949 1062 3024 possent
1084 2962 1259 3025 auqoeeere,
1284 2949 1315 3004 et
1336 2942 1416 3003 uude

545 3053 713 3128 appareret
734 3043 871 3126 spatium
893 3043 974 3107 caeli
994 3043 1102 3106 domus
1124 3043 1251 3128 altaque
1272 3051 1355 3106 tecta

549 3146 671 3212 tolieret
692 3171 712 3211 a
736 3147 829 3211 terris
845 3146 972 3229 proctd,
997 3154 1028 3210 et
1050 3155 1248 3230 cousurqerct
1268 3168 1334 3210 uer.

545 3271 618 3314 nom
640 3272 698 3314 suu
720 3249 840 3333 cuique,
865 3248 941 3312 tocie
963 3271 1001 3312 eu
1023 3248 1172 3330 omuibus,
1199 3249 1303 3313 omuiu
1318 3249 1430 3332 plaqie

546 3374 678 3436 corporo
700 3351 929 3416 distribuantur
951 3360 982 3416 et
1003 3353 1048 3416 ad
1067 3373 1125 3416 oua
1146 3352 1250 3416 saeclo
1271 3353 1428 3428 recedant,

545 3477 635 3520 umor
656 3456 869 3532 adunarem,
895 3463 1016 3518 terreno
1039 3476 1169 3536 corpore
1192 3463 1278 3518 terra

547 3560 666 3642 crescit,
693 3568 724 3626 et
745 3560 847 3644 iquem
868 3559 955 3642 r'quce
971 3560 1153 3640 procudunt
1174 3579 1308 3642 auoque
1330 3580 1395 3622 aer.

325 3683 396 3729 cum
420 3663 534 3746 quibus
557 3662 752 3743 contumel,
782 3665 939 3728 1031-7.

411 3767 497 3850 Ergo
519 3785 631 3832 versus
655 3765 692 3846 V,
720 3767 869 3830 273-80
892 3763 1033 3830 Lucretii
1057 3783 1129 3830 esse
1152 3782 1215 3828 non
1238 3769 1385 3847 possunt.

412 3869 481 3934 Iam
514 3888 591 3935 vero
628 3874 663 3933 ut
696 3887 777 3950 quae
811 3866 950 3934 eruimus
984 3866 1308 3951 comprehendamus,
1346 3884 1458 3932 versus

326 3973 474 4036 273-80
498 3991 518 4037 a
541 3977 638 4056 poeta
659 3988 722 4036 non
746 3976 820 4036 sunt
842 3969 969 4061 scripti5
1003 3972 1151 4034 261-72
1174 3969 1274 4036 ieiuni
1297 3976 1386 4050 sunt,
1413 3975 1455 4050 et,

325 4129 530 4140 —.-----

398 4214 414 4276 ¹)
443 4213 573 4264 665-69
597 4210 692 4274 omisi,
724 4186 808 4280 quod*
823 4211 999 4280 parenthesis
1024 4211 1084 4266 loeo
1110 4210 1208 4266 inserti
1234 4215 1308 4264 sunt.
1347 4211 1458 4260 tto-4

327 4297 414 4367 spurii
434 4301 507 4352 sunt.
529 4293 579 4350 cfr.
599 4311 646 4365 pg.
668 4299 701 4347 60
720 4310 760 4364 sq.
