3312 5280
649 418 866 480 ..23-

191 604 342 687 coniungi
356 624 435 689 ¹oum
458 624 508 681 eo,
527 604 614 686 quod
629 603 723 668 modo
738 605 923 670 tractaverit
945 609 994 687 (ex
1016 604 1076 670 hoo
1091 605 1211 690 aptam)
1239 609 1271 672 et
1289 624 1330 670 ex

190 707 251 772 hoo
271 707 344 790 ipso
366 707 495 790 probari
522 705 627 790 (fidem
643 707 784 789 dooere).
823 708 893 772 Iam
908 713 944 772 ut
959 727 1072 772 versus
1089 709 1215 770 sta-s
1231 726 1330 772 aeou-

190 809 290 874 ratius
313 809 579 892 contemplemur,
597 815 706 874 antea
735 809 988 874 demonstratum
1015 817 1100 892 erat,
1136 809 1329 894 »primordia

121 961 123 968 .
191 931 293 978 rerum
317 911 408 976 finita
423 911 549 976 variare
565 911 739 994 figurarum
754 912 877 978 ratione
884 937 912 976 «z
940 933 1026 978 nuno
1044 911 1328 978 demonstrandum

191 1020 240 1080 est
262 1013 436 1097 primordia
458 1033 564 1079 rerum

296 1120 359 1179 524
381 1116 464 1180 irater
485 1139 517 1180 sa
540 1117 639 1180 simili
659 1139 738 1202 qaae
760 1126 832 1181 suat
849 1119 998 1203 perfecta
1007 1117 1132 1202 fipara,

380 1220 504 1304 infinito
526 1221 637 1284 oluere.

193 1322 294 1404 quue
316 1321 367 1386 lit:

304 1428 365 1488 525
718 1425 831 1489 etenim
853 1425 1007 1490 distantia
1028 1447 1098 1490 eam
1120 1427 1162 1491 sa't

317 1554 322 1563 ¹
359 1529 547 1614 ferrearum
556 1527 669 1612 finita,
696 1537 848 1592 necessest
868 1551 949 1614 quae
973 1529 1089 1593 sa'mr‘les
1111 1529 1175 1593 siat

362 1653 427 1695 esse
449 1631 599 1715 nfinitus.

192 1735 259 1799 Hoo
281 1734 381 1816 igitur
401 1734 447 1799 ita
470 1740 593 1798 tantum
615 1734 766 1818 probatur
790 1733 894 1816 (fidem
910 1735 1021 1816 droit),
1047 1737 1186 1801 utillud
1208 1743 1327 1802 reotum

190 1856 262 1902 esse
285 1843 428 1902 sumatur
455 1838 506 1922 (ex
527 1837 588 1902 hoo
611 1841 748 1920 aptum).

275 1940 369 2004 Nuno
398 1939 442 2006 ad
470 1958 583 2005 versus
607 1941 681 2002 478.
708 1943 727 2002 9
750 1939 954 2004 accedamus.
1000 1939 1081 2006 Inde
1103 1962 1124 2006 a
1146 1961 1242 2006 versu
1264 1945 1327 2006 480

191 2040 356 2124 usquead
379 2045 438 2104 521
464 2041 525 2106 hoo
547 2042 765 2108 demonstrare
788 2043 857 2108 vult
878 2049 989 2126 poeta:
1021 2043 1195 2126 primordia
1222 2064 1328 2110 rerum

189 2143 280 2208 finita
290 2145 415 2209 variare
426 2144 602 2226 figurarum
614 2144 748 2223 ratione;
764 2151 988 2228 argumentum
999 2153 1107 2212 autem
1119 2166 1160 2212 ex
1172 2149 1329 2214 contrario

190 2247 369 2311 ooufioitur:
396 2267 470 2311 nam
494 2247 557 2312 nisi
578 2247 753 2331 primordia
775 2247 874 2312 finitis
897 2247 1009 2312 formis
1031 2248 1186 2314 distantia
1205 2257 1324 2331 essent,

192 2349 347 2430 quaedam
370 2349 503 2414 immani
525 2349 722 2414 maximitate
745 2369 819 2416 esse
841 2349 977 2415 debere:
1004 2351 1089 2432 quod
1111 2351 1242 2435 probari
1262 2373 1326 2416 non

191 2471 286 2534 posse
308 2451 373 2516 iam
404 2471 501 2535 supra
532 2472 566 2517 se
593 2453 751 2518 doouisse.
798 2451 921 2530 Quibus
951 2454 1058 2520 verbis
1086 2474 1149 2536 quo
1178 2455 1329 2538 respiciat

190 2555 367 2637 Lueretius,
394 2555 510 2620 certari
531 2561 652 2639 potest:
685 2554 719 2620 id
741 2562 849 2621 tamen
869 2547 993 2622 'eertum
1016 2563 1160 2622 osteum
1183 2579 1247 2623 non
1269 2559 1328 2624 niti

189 2658 223 2722 in
247 2678 287 2722 ea
309 2677 361 2737 re,
392 2678 488 2740 quam
512 2658 605 2724 modo
627 2659 744 2735 doouit,
771 2679 858 2736 oum,
886 2679 982 2740 quam
1008 2659 1195 2742 multigenis
1217 2659 1328 2726 formis

190 2760 364 2844 primordia
378 2760 533 2844 praedita
556 2767 676 2839 essent,
702 2767 877 2846 exponeret
905 2763 1109 2846 (sss—477).

277 2863 344 2927 Iam
360 2883 436 2928 vero
452 2871 577 2928 constat
591 2870 623 2928 et
639 2867 765 2928 ssa-8
781 2865 863 2930 bene
880 2884 953 2930 eum
969 2866 1134 2928 rso-521
1158 2865 1328 2932 cohaerere

191 2985 367 3047 versusque
384 2969 488 3031 5223
504 2973 589 3031 reete
605 2966 727 3050 positos
740 2986 824 3047 esse,
840 2986 944 3048 neque
956 2970 1123 3031 480-521
1139 2988 1180 3032 ex
1193 2975 1259 3034 tota
1269 2969 1329 3033 illa

191 3068 231 3134 de
246 3067 357 3133 lormis
372 3069 614 3152 primordiorum
631 3069 818 3151 quaestione
834 3068 968 3134 dissolvi
982 3089 1089 3153 posse.
1120 3071 1205 3135 Illud
1221 3077 1328 3138 autern

299 3173 384 3255 quod
404 3172 551 3255 quonium
574 3172 676 3250 docui,
697 3193 831 3256 perpura
854 3181 1012 3236 conectere
1034 3195 1100 3236 rem
1123 3196 1202 3258 quae

299 3297 336 3337 ea
358 3273 416 3337 too
438 3283 514 3357 apto
524 3275 629 3358 fidem
651 3275 746 3338 ducat

191 3376 267 3458 quia
289 3383 363 3441 ante
387 3378 447 3440 480
470 3396 656 3460 perversum
679 3382 745 3457 est,
772 3397 792 3440 a
813 3383 912 3461 poeta
934 3377 1086 3460 seriptum
1109 3398 1181 3444 esse
1204 3380 1326 3460 nequit.

276 3478 327 3542 Ad
349 3480 500 3544 lectorem
523 3498 605 3544 vero·
622 3486 678 3544 aut
700 3479 944 3564 grammaticum
960 3479 1244 3564 interpolationum
1259 3489 1329 3547 stu-

190 3582 315 3646 diosum
332 3581 360 3647 si
374 3581 460 3647 hano
474 3581 675 3647 iterationem
691 3582 894 3664 referremus,
917 3583 1106 3649 sumendum
1122 3591 1208 3650 esset
1229 3585 1327 3649 aliam

190 3685 343 3750 transitus
366 3685 498 3750 formam
522 3705 561 3750 ea
583 3686 753 3768 expulsam
774 3705 863 3764 esse3
894 3705 957 3768 quo
987 3691 1095 3750 autem
1117 3686 1252 3752 oonsilio
1275 3689 1327 3752 vel

190 3787 327 3870 margini
349 3787 513 3872 adscripta
535 3789 586 3852 vel
609 3788 801 3872 interpolata
824 3788 875 3870 sit,
902 3788 957 3854 rix
980 3788 1084 3854 dieas:
1107 3788 1154 3854 ad
1175 3789 1328 3878 editorem

140 3911 145 3920 ·
189 3892 217 3956 si
240 3889 416 3973 referimus,
442 3889 565 3974 fingere
587 3910 791 3975 possumus„
812 3911 867 3972 ea,
894 3911 977 3973 quae
1005 3891 1082 3956 inde
1104 3912 1124 3956 a
1146 3911 1242 3956 versu
1265 3894 1323 3956 481

193 3993 315 4076 seripta
336 4000 421 4074 sunt,
447 3992 481 4056 in
504 3993 601 4058 scidis
623 4001 738 4077 poetae
760 4013 825 4058 non
849 3993 928 4059 satis
951 4013 1023 4058 oum
1047 3994 1104 4073 eis,
1131 4012 1214 4075 quae
1236 4000 1327 4058 ante·

189 4095 359 4173 sedebant,
378 4095 548 4161 coniunota
564 4096 676 4176 luisse,
697 4103 793 4178 atque
809 4096 1008 4162 transitionis
1024 4096 1213 4162 efficiendae
1229 4115 1331 4162 eausa

191 4199 346 4264 editorem
368 4197 443 4263 illos
466 4217 579 4264 versus
604 4219 644 4264 ex
667 4203 741 4262 522.
768 4202 786 4264 3
809 4199 1039 4283 desumpsisse.

277 4301 342 4365 Sed
364 4301 551 4384 priusquam
575 4301 617 4366 ad
640 4322 711 4366 eum
735 4302 807 4366 libri
830 4302 925 4386 primi
947 4302 1051 4368 looum
1067 4309 1239 4384 transeam,
1266 4322 1331 4384 quo
