3312 5280
648 444 863 504 ..45-

187 648 314 710 vernus,
348 649 420 694 cum
450 628 534 694 male
564 647 635 693 cum
665 629 712 692 eis
739 647 821 710 quae
850 629 1048 713 praecedunt
1078 628 1228 711 coniungi
1258 635 1324 692 tum

187 733 303 799 salsam
333 732 526 798 sententiam
553 732 706 817 prodere3
743 731 794 798 sin
822 752 912 812 eam,
945 752 1028 815 quae
1056 732 1241 817 necessaria
1270 733 1321 812 sit,

140 895 141 898 ,
186 836 396 903 mutationem
429 835 603 918 faciamus,
640 834 848 919 posteriorem
877 854 987 900 eorum
1015 841 1140 919 partem
1170 856 1190 900 a
1218 835 1324 919 priore

187 940 368 1006 dissentire.
409 938 501 1016 Quae
524 959 596 1004 cum
618 939 664 1004 ita
686 939 760 1018 sint,
786 958 827 1004 ne
851 941 999 1004 257—60
1022 939 1150 1023 quidem
1170 939 1324 1010 aLucre-

186 1043 230 1108 tio
254 1042 421 1127 compositi
443 1061 516 1108 esse
537 1047 683 1126 possunt.
1391 1033 1394 1040 ’

272 1145 427 1212 Versibus
451 1149 615 1209 247-50
638 1152 670 1210 et
693 1147 875 1208 257-305
900 1143 1036 1210 seclusis
1063 1144 1219 1212 habemus
1249 1163 1324 1210 sen-

185 1249 356 1315 tentiarum
385 1248 625 1316 continuitatem
653 1247 887 1332 planissimam.
933 1247 982 1313 Ea
1011 1247 1113 1324 enim,
1148 1269 1244 1331 quam
1273 1248 1324 1313 in-

186 1354 288 1419 stituit
309 1360 406 1437 poeta
427 1353 468 1418 de
490 1353 600 1418 mundi
623 1352 836 1428 mortalitate,
861 1351 1007 1435 quaestio
1033 1351 1158 1417 duabus
1183 1373 1223 1418 ex
1246 1373 1316 1436 par·

186 1458 272 1524 tibus
295 1464 434 1523 constat:
461 1477 595 1540 quarum
619 1457 722 1522 altera
745 1456 890 1538 quidem,
917 1475 1001 1538 quae
1023 1475 1136 1522 versus
1159 1459 1321 1535 235-46,

187 1564 325 1642 251—6,
352 1562 522 1625 306—350
538 1559 690 1636 continet,
716 1558 757 1625 de
773 1560 864 1624 eaelo
879 1565 1040 1641 terraque,
1060 1578 1100 1624 ex
1116 1559 1232 1641 quibus
1247 1580 1323 1644 par-

186 1663 270 1728 tibus
285 1662 423 1729 mundus
439 1670 574 1745 constat,
600 1663 703 1728 altera
726 1662 766 1728 de
788 1668 854 1728 toto
876 1662 995 1740 mundo
1017 1661 1133 1746 agitur.
1170 1661 1221 1728 Ac
1236 1663 1324 1746 prior

187 1767 314 1850 quidem
336 1786 413 1851 pars
436 1767 498 1831 tria
519 1766 761 1850 comprehendit
783 1767 942 1832 membra:

271 1871 297 1934 Ι.
324 1872 485 1934 235-46
515 1869 761 1952 demonstratur,
787 1869 928 1934 maxima
952 1867 1064 1934 mundi
1086 1867 1228 1934 membra
1251 1889 1321 1934 cum

167 1974 373 2058 'consumpta
395 1973 612 2058 regignantur,
639 1972 721 2038 scire
749 1973 862 2055 licere,
889 1972 971 2038 caeli
1000 1992 1125 2055 quoque
1153 1978 1322 2054 terraeque

185 2077 285 2142 luisse
307 2076 498 2162 principiale
521 2075 652 2160 aliquod
673 2083 799 2160 tempus
822 2075 1010 2159 clademque
1033 2075 1184 2140 futuram.

270 2181 314 2244 Il.
340 2183 479 2244 251-6.
504 2181 652 2244 306-23
676 2179 923 2260 demonstratur,
950 2185 1119 2246 etterram
1140 2187 1172 2246 ct
1196 2182 1322 2246 caelum

185 2304 224 2348 ea
245 2290 361 2349 natura
384 2282 534 2368 praedita
556 2303 638 2365 esse,
665 2290 699 2348 ut
714 2283 863 2348 mortalia
878 2301 949 2348 esse
965 2283 1152 2349 videantur:
1178 2303 1217 2350 ao
1231 2284 1321 2368 prin·

184 2387 267 2471 cipio
290 2386 420 2469 quidem
442 2377 561 2453 terram

389 2493 419 2574 a)
447 2494 586 2554 251—4.

388 2595 419 2678 b)
447 2597 585 2659 res—6.

394 2700 421 2780 c]
450 2699 608 2762 306-17.

184 2800 298 2866 deinde
321 2801 445 2866 caelum
469 2801 628 2866 318-23.

267 2903 326 2969 ΙΙΙ.
354 2903 389 2969 si
411 2924 475 2969 non
498 2911 606 2970 essent
627 2903 737 2987 genita
759 2909 845 2968 terra
860 2909 892 2968 et
907 2904 1042 2982 caelum,
1069 2922 1125 2968 cur
1140 2901 1182 2967 ad
1198 2909 1319 2968 certum

182 3006 341 3088 quendam
364 3006 460 3072 finem
482 3005 646 3072 hominurn
667 3005 821 3071 memoria
836 3005 975 3090 pertinet
988 3024 1092 3088 neque
1108 3012 1182 3070 ante
1198 3007 1318 3093 bellum

181 3108 354 3174 Troianum
386 3109 553 3192 quicquam
582 3129 689 3174 rerum
717 3108 937 3191 bellorumque
971 3108 1090 3173 iactum
1122 3127 1195 3174 esse
1225 3129 1320 3176 acce-

182 3209 308 3294 pimus‘l
1000 3203 1006 3213 ’

267 3314 387 3379 Factae
413 3333 490 3379 vero
521 3320 596 3378 sunt
624 3313 702 3379 illae
729 3312 1008 3397 interpolationes,
1038 3313 1114 3395 quia
1143 3335 1318 3398 argumen-
1393 3351 1397 3358 ·

181 3416 259 3481 tatio
281 3416 395 3483 deesse
417 3415 595 3498 videbatur,
622 3436 686 3498 qua
707 3416 808 3482 verba
837 3416 883 3498 Ν,
912 3418 984 3499 243)

680 3541 742 3602 qao
758 3527 893 3602 propter
914 3519 1052 3583 maximo
1074 3520 1185 3584 mandi

287 3643 356 3685 cum
379 3621 500 3686 ordeum
522 3623 660 3686 membra
682 3645 720 3686 ac
736 3622 845 3707 portis
866 3631 1050 3706 consumpta
1071 3623 1196 3708 repiqae'

180 3723 449 3804 confirmarentur,
475 3744 546 3789 cum
570 3744 653 3804 eum,
680 3724 734 3806 qui
750 3723 965 3808 interpolavit,
991 3725 1180 3808 praeteriret
1195 3725 1317 3792 Lucre·
1362 3785 1363 3789 ,

180 3826 259 3890 tium
284 3825 318 3891 in
346 3826 449 3911 primo
478 3827 560 3893 libro
590 3827 671 3893 satis
700 3828 802 3892 multa
832 3826 874 3894 dc
902 3827 1087 3911 primordiis
1116 3827 1313 3912 disputasse,

178 3949 241 4011 quo
263 3949 409 4012 quaeque
431 3935 547 3994 natura
569 3949 717 4014 supremo
739 3936 882 4014 tempore
905 3929 1107 4010 dissolveret,

308 4033 334 4114 Ι,
361 4036 423 4095 547
446 4033 593 4098 materies
614 4041 649 4096 ut
671 4033 850 4116 suppeditet
870 4034 963 4097 rebus
984 4034 1183 4117 reparandis,

177 4135 319 4216 itemque
341 4154 379 4200 eo
400 4136 488 4218 loco,
515 4155 610 4218 quem
633 4154 731 4219 supra
753 4136 899 4216 laudavi,
932 4137 982 4216 Π,
1012 4140 1094 4202 1105
1118 4156 1188 4218 sqq.
1214 4155 1315 4220 expo-

178 4237 298 4318 suisse,
347 4239 449 4303 umori
490 4245 594 4304 terrae
639 4237 708 4320 igni
752 4238 819 4304 aeri
857 4258 983 4322 semper
1023 4259 1107 4304 nova
1141 4237 1316 4322 primordia

177 4340 349 4426 adportari,
