3312 5280
671 449 886 509 ..21-

211 640 317 717 geret,
360 635 388 699 si
422 634 578 700 contendo
608 626 746 700 eundem
776 635 875 701 fuisse
905 642 1001 717 atque
1032 655 1118 712 eum,
1156 633 1209 716 qui
1240 632 1346 714 quarti

210 736 282 801 libri
305 739 503 821 prooemium
525 745 625 803 totum
649 759 689 804 ex
711 739 859 804 versibus
881 739 907 819 1,
934 741 1082 802 926-50
1105 736 1226 802 iteratis
1248 755 1345 819 para-

210 839 302 922 verit,
328 841 362 904 in
385 840 447 906 hac
469 841 629 906 sententia
652 841 774 928 aliquid
796 840 1031 925 probabilitatis
1054 841 1161 904 inesse
1184 857 1289 922 spero.

297 944 361 1010 Sed
384 964 477 1028 quem
498 945 596 1010 talem
618 945 812 1010 carminibus
836 941 1046 1010 emendandis
1069 963 1198 1027 operam
1218 941 1346 1007 dedisse

210 1047 415 1113 verisimilius
430 1048 557 1114 videtur
573 1069 669 1130 quam
685 1068 767 1129 eum,
795 1049 849 1130 qui
865 1048 1014 1113 Lucretio
1029 1053 1152 1112 mortuo
1173 1065 1239 1124 eas,
1266 1064 1346 1127 quas

209 1151 265 1215 ille
288 1150 395 1216 scidas
418 1151 600 1233 reliquerat,
628 1150 746 1216 ediditi
786 1151 868 1215 Nam
892 1150 927 1214 id
948 1156 1021 1234 post
1042 1147 1282 1214 Lachmannum
1305 1165 1346 1210 ne

211 1253 241 1318 ei
257 1253 385 1335 quidem
407 1253 442 1317 in
465 1253 597 1318 dublum
620 1255 790 1332 vocabunt,
817 1253 872 1336 qui
888 1252 1074 1336 Hieronymi
1094 1251 1143 1315 illi
1157 1253 1226 1315 loco
1241 1249 1346 1314 minus

211 1355 388 1436 confidunt,
415 1357 557 1421 carmina
579 1377 643 1420 non
666 1357 706 1421 ab
728 1357 799 1440 ipso
821 1363 918 1440 pocta
945 1354 1033 1420 edita
1061 1374 1147 1431 esse,
1174 1353 1271 1435 idque
1294 1352 1346 1416 vel

212 1459 355 1542 exlibro
377 1459 495 1543 primo,
522 1479 615 1541 quem
640 1453 863 1524 Lachmannus
894 1459 1074 1523 absolutum
1103 1457 1171 1521 sere
1201 1476 1222 1520 a
1251 1463 1347 1539 poeta

211 1562 355 1628 relictum
379 1582 451 1627 esse
473 1563 608 1646 putavit,
635 1563 721 1628 cerni
738 1562 1007 1644 Stuerenburgius
1029 1562 1063 1625 in
1085 1560 1225 1643 egregia,
1251 1577 1346 1640 quam

211 1665 274 1729 iam
305 1685 403 1749 supra
430 1665 578 1744 laudavi,
612 1665 839 1731 dissertatione
869 1664 1020 1731 ostendit.
1074 1662 1167 1740 Quod
1196 1662 1345 1744 quoniam

212 1775 332 1834 certum
355 1776 421 1848 est,
448 1789 488 1834 ex
517 1769 598 1852 ipsis
628 1759 743 1834 autem
759 1768 952 1833 carminibus
975 1767 1187 1848 intellegitur,
1214 1765 1272 1830 has
1295 1766 1348 1830 vel

211 1865 285 1936 illas
307 1877 418 1956 partes
440 1891 525 1937 nunc
549 1871 596 1936 eis
619 1872 699 1937 locis
729 1872 871 1954 legi,·in
899 1891 1032 1952 quorum
1062 1876 1211 1935 contextu
1241 1888 1296 1933 eas
1327 1889 1347 1932 a

213 1983 308 2057 poeta
330 1975 400 2058 ipso
421 1975 557 2058 scriptas
572 1976 625 2039 vel
640 1975 763 2059 positas
780 1964 851 2040 csse
866 1975 955 2038 nullo
971 1972 1065 2037 modo
1080 1971 1212 2037 concedi
1228 1961 1344 2055 potest,

213 2071 329 2141 deinde
363 2097 435 2141 cum
468 2077 621 2142 traditum
654 2078 711 2158 sit,
746 2084 868 2142 certum
897 2075 1056 2159 quendam
1087 2075 1246 2140 hominem
1276 2081 1348 2158 post

213 2180 352 2246 Lucretii
375 2190 507 2246 mortem
530 2181 672 2246 carmina
694 2180 764 2245 eius
781 2180 980 2260 emendasse,
1004 2200 1060 2245 cur
1074 2199 1138 2244 non
1154 2184 1343 2258 statuamus,

212 2302 284 2347 eum
306 2303 368 2347 non
392 2281 485 2347 modo
507 2283 540 2346 in
564 2283 751 2348 ordinandis
774 2303 813 2348 ac
833 2283 1019 2365 'digerendis
1043 2282 1100 2362 eis,
1127 2301 1210 2363 quae
1231 2281 1348 2345 abillo

213 2386 323 2450 relicta
338 2393 455 2463 essent,
481 2392 641 2451 versatum
657 2405 740 2464 csse,
758 2385 937 2466 sedetiam,
958 2393 993 2448 ut
1007 2385 1151 2450 carmina
1166 2384 1348 2467 legentibus

213 2488 394 2572 acceptiora
426 2487 590 2568 redderet,
632 2507 737 2571 pauca
772 2488 815 2552 ad
848 2487 1077 2552 sententiarum
1112 2485 1347 2568 cohaerentiam

213 2590 427 2655 adiuvandam
444 2589 609 2656 addidisse
623 2591 823 2668 interdumve
840 2591 936 2655 etiam
953 2597 1093 2655 mutasse
1106 2597 1221 2673 poetae
1230 2589 1349 2654 verbai

213 2693 382 2758 Facillime
397 2700 502 2758 autem
519 2693 651 2771 ratione,
671 2691 699 2757 si
714 2692 791 2775 quid
806 2693 839 2756 in
856 2692 953 2758 scidis
970 2693 1109 2758 Lucretii
1125 2691 1348 2775 manuscriptis

213 2795 259 2859 ita
282 2795 404 2874 deerat,
429 2802 465 2860 ut
487 2795 715 2860 sententiarum
738 2796 967 2877 consequentia
988 2794 1170 2879 impeditior
1192 2801 1287 2874 esset,
1313 2800 1349 2857 ut

213 2899 361 2962 lacunam
391 2899 534 2978 tolleret,
561 2898 782 2962 iterationibus
811 2899 857 2962 uti
887 2897 1014 2963 videtur
1040 2897 1200 2982 potuisse,
1233 2897 1348 2980 quibus

214 3006 328 3084 poetae
350 3001 449 3065 verba
471 3000 601 3066 minime
624 3000 865 3066 contaminaret.
914 3001 967 3066 Sic
996 3001 1103 3083 igitur,
1134 3020 1204 3065 oum
1234 3019 1349 3083 prooe-
1401 3011 1404 3017 '

213 3103 288 3181 mia,
315 3123 397 3184 quae
420 3104 559 3168 secundo
582 3110 614 3168 et
636 3104 730 3169 tertio
753 3104 834 3168 libro
856 3104 1034 3188 praemissa
1055 3104 1251 3182 inveniebat,
1277 3123 1349 3168 cum

213 3205 287 3289 ipsa
309 3206 536 3289 disputatione,
564 3197 702 3289 quaein
725 3205 775 3272 his
798 3207 888 3272 libris
911 3207 1058 3288 habetur,
1084 3227 1147 3270 non
1170 3195 1349 3271 satis'con-

213 3309 323 3374 iuncta
344 3309 539 3391 viderentur,
567 3309 686 3374 adiecit
715 3311 762 3375 eis
792 3311 865 3375 illos
894 3329 1023 3392 versus,
1050 3310 1164 3392 quibus
1195 3310 1229 3372 in
1258 3315 1348 3374 sexto
1418 3394 1420 3397 Ι

214 3411 294 3476 libro
320 3411 486 3496 aptissime
509 3413 663 3478 transitus
686 3412 721 3476 fit
743 3434 763 3477 a
786 3413 950 3496 prooemio
980 3413 1022 3477 ad
1053 3433 1107 3493 ea,
1141 3433 1224 3496 quae
1254 3418 1349 3496 poeta

215 3513 275 3578 sibi
298 3515 451 3598 proponit
472 3515 655 3580 tractanda:
683 3516 765 3599 fugit
787 3523 893 3581 tamen
916 3512 1114 3592 istum,'non
1129 3535 1259 3600 prorsus
1275 3517 1349 3581 illos

215 3637 285 3681 cum
302 3617 348 3682 eis
364 3618 452 3696 locis,
471 3618 635 3701 inquibus
651 3619 791 3702 repetiit,
809 3619 999 3684 consentire.
1040 3620 1223 3701 Eodemque
1243 3619 1349 3685 studio

215 3717 339 3799 ductus,
367 3721 451 3801 quod
474 3740 584 3785 omnes
608 3728 731 3786 ceteros
754 3722 852 3786 libros
875 3722 1045 3805 prooemiis
1069 3728 1197 3786 ornatos
1220 3721 1350 3786 videbat

215 3841 319 3903 neque
342 3822 472 3888 dubium
497 3843 568 3888 esse
592 3830 727 3907 poterat,
753 3825 829 3906 quin
852 3833 960 3908 poeta,
986 3825 1014 3890 si
1037 3846 1057 3889 a
1079 3824 1145 3889 fato
1161 3825 1191 3890 ei
1205 3831 1350 3908 potestas

216 3923 293 3988 dala
316 3933 411 4005 esset,
438 3927 534 3990 etiam
558 3934 671 4008 quarto
694 3928 889 4010 prooemium
908 3928 1142 4011 praemissurus
1159 3916 1284 4007 suisset,
1310 3948 1351 3992 ne

215 4027 310 4092 nimis
334 4027 412 4093 rude
436 4048 527 4112 opus,
554 4029 639 4111 quod
661 4022 805 4095 editurus
829 4038 906 4108 erat,
933 4038 1114 4114 appareret,
1140 4031 1195 4094 ille
1210 4030 1260 4095 vir
1275 4029 1350 4095 doo-

215 4135 277 4208 tus,
304 4131 448 4213 quisquis
470 4131 538 4212 fuit,
566 4151 678 4196 versus
701 4133 733 4214 I,
762 4135 911 4196 erc-50
934 4133 1062 4217 repetiit
1087 4139 1161 4198 ante
1185 4153 1256 4198 eam
1280 4153 1350 4197 oar-

216 4233 312 4298 minis
335 4239 468 4317 partem,
496 4255 559 4316 qua
582 4233 622 4298 de
638 4235 818 4300 simulacris
834 4237 949 4319 agitur.
991 4238 1094 4318 Atque
1111 4237 1261 4319 quoniam
1276 4255 1351 4302 ver-

216 4334 305 4398 sibus
