3312 5280
687 413 901 474 ..73-

226 597 319 675 Quod
341 603 448 663 autem
472 596 589 662 oertius
611 596 868 681 interpolationis
884 597 1011 680 signum
1027 597 1135 663 afferri
1151 604 1256 682 potest
1271 609 1365 680 quam

224 701 427 786 interpolatis
462 700 568 765 verbis
604 719 754 765 versuum
784 719 941 766 conexum
970 701 1107 778 turbari,
1145 701 1193 767 eis
1230 701 1365 766 seolusis

225 805 332 870 omnia
353 805 436 870 bene
459 823 494 868 se
516 803 658 868 haberet
680 839 717 850 -

500 907 554 984 IV,
581 909 729 970 aro-29
758 909 809 990 (=
832 907 887 986 VI,
913 909 1087 989 923-35).

311 1011 432 1075 Versus
447 1010 503 1090 IV,
523 1011 671 1072 ara-29
687 1029 751 1074 non
773 1010 815 1074 ab
837 1009 909 1094 ipso
931 1016 1028 1093 poeta
1045 1010 1198 1094 repetitos
1216 1029 1288 1076 esse
1306 1009 1365 1074 de-

225 1119 483 1180 monstraverunt
504 1111 598 1196 primi
622 1111 796 1178 Goebelins
817 1119 850 1177 et
864 1111 1361 1196 Winokelmannusargumento,

226 1235 288 1298 quo
303 1214 421 1282 elarius
437 1215 560 1279 nullum
577 1221 683 1298 potest
705 1213 825 1279 afferri.
864 1214 947 1279 Nam
967 1235 1039 1280 oum
1061 1214 1318 1294 ostendatpoeta
1331 1214 1366 1278 in

225 1318 372 1384 versibus
393 1321 570 1396 rur-215,
589 1337 684 1401 quam
700 1317 797 1383 oeleri
810 1323 899 1382 motu
915 1317 1088 1382 simulacra
1110 1317 1264 1396 ferantur,
1288 1316 1365 1400 quid

226 1421 269 1486 ad
289 1420 375 1487 huno
404 1421 507 1486 looum
531 1421 687 1505 pertinet,
712 1419 810 1486 fluere
833 1419 947 1486 odores
970 1441 990 1486 a
1012 1419 1107 1486 oertis
1130 1421 1236 1498 rebus,
1259 1419 1366 1502 *frigus

226 1543 246 1588 a
269 1521 386 1598 fluviis,
412 1543 506 1590 voees
529 1523 664 1589 volitare
686 1542 743 1607 per
765 1543 861 1588 auras
885 1531 916 1588 et
938 1527 1065 1588 oetera'?
1093 1523 1177 1606 quod
1203 1529 1270 1587 tum
1292 1529 1366 1586 tan-

162 1612 165 1619 ’
225 1633 290 1690 tum
321 1625 548 1710 proferendum
578 1633 663 1706 erat,
697 1626 725 1708 si
756 1626 807 1690 oui
836 1627 964 1692 omnino
992 1626 1168 1718 simulacra
1199 1625 1297 1691 fluere
1326 1645 1367 1690 en

226 1730 321 1795 rebus
344 1729 449 1794 minus
471 1730 632 1813 placebat.
672 1729 714 1794 Et
736 1729 867 1794 adsensi
884 1737 962 1794 ‘srrnt
984 1729 1049 1794 illis
1064 1729 1142 1806 uiris
1157 1730 1366 1794 Neumannu's

231 1834 295 1916 (pg.
328 1835 356 1915 9)
400 1839 432 1899 et
465 1831 677 1898 Susemihlius
713 1832 879 1916 [Philolog.
911 1833 1042 1915 XXIX,
1084 1837 1146 1898 439
1169 1835 1253 1916 sq),
1279 1843 1365 1914 ¹quo·

226 1955 294 2000 rum
324 1935 377 2002 hio
410 1935 583 2000 Purmanni
620 1937 739 2019 (annal.
780 1936 891 2020 philol.
927 1941 978 2016 67,
1011 1957 1066 2020 pg.
1100 1939 1174 2000 676.
1229 1934 1362 2012 Quaest.

226 2039 352 2106 Oottab.
378 2059 432 2123 pg.
463 2043 500 2103 10
523 2041 585 2123 sq.)
613 2047 645 2104 et
668 2038 761 2104 Pollii
788 2039 956 2122 (Philolog.
982 2029 1102 2120 XXVI,
1130 2041 1201 2123 339)
1233 2047 1365 2104 euneta-

224 2143 341 2208 tionem
365 2149 397 2207 e't
419 2141 630 2208 conservandi
653 2142 842 2226 scripturam
865 2141 1009 2208 oodioum
1040 2141 1179 2216 studium
1208 2161 1267 2207 suo
1295 2141 1365 2208 iure

225 2245 357 2329 respuit.
405 2245 501 2310 Miror
519 2252 629 2310 tamen
652 2264 765 2310 versus
782 2249 855 2309 216.
875 2249 892 2308 7
918 2245 959 2310 ab
982 2243 1103 2310 eisdem
1124 2251 1263 2310 retentos
1279 2263 1360 2310 esse.

226 2347 289 2424 Qui
312 2367 415 2430 neque
432 2347 505 2432 'apti
521 2355 605 2429 sunt,
632 2347 659 2412 si
676 2367 748 2412 oum
766 2351 933 2412 177-215
951 2348 1198 2431 coniunguntur,
1215 2347 1365 2431 quoniam

224 2450 258 2514 id
280 2451 385 2516 solum
407 2450 580 2529 continent,
607 2472 692 2514 ease
715 2465 848 2533 corporo
871 2473 950 2534 quoe
967 2450 1098 2535 feriaret
1121 2451 1224 2514 oeulos
1247 2451 1363 2514 visam-

227 2577 283 2637 que
306 2555 471 2632 lacessant,
498 2573 569 2618 oum
591 2553 625 2617 in
648 2555 815 2619 rur-ato
838 2553 902 2617 iam
925 2553 966 2618 de
989 2552 1152 2619 eeleritate
1175 2553 1363 2619 simulacro-

225 2679 294 2722 rum
315 2664 497 2742 peroratum
522 2658 575 2734 sit,
599 2664 822 2742 praeterquam
845 2656 986 2740 quodid
1009 2657 1136 2723 omnino
1158 2656 1300 2722 nondum
1315 2664 1365 2723 est

225 2761 361 2844 dietum,
395 2761 575 2844 primordiis
605 2760 709 2826 visum
745 2761 883 2840 moveri,
916 2781 1020 2843 neque
1057 2760 1140 2826 sumi
1169 2767 1275 2845 potest
1310 2781 1365 2826 eos

225 2865 345 2930 exitum
379 2864 475 2930 unius
507 2883 549 2929 ex
582 2864 629 2930 eis
664 2883 748 2946 quae
784 2870 962 2946 sequuntur
991 2863 1189 2947 argumentis
1219 2863 1366 2930 effecisse

230 2969 292 3051 (vel
322 2968 364 3033 ad
394 2967 558 3050 quodlibet
586 2966 674 3031 aliud
704 2965 907 3052 pertinuisse,
942 2967 1027 3048 quod
1049 2986 1089 3032 ex
1111 2973 1200 3031 textu
1222 2966 1362 3050 abierit),

226 3091 288 3152 quo
304 3076 490 3154 ¹exponatur·
512 3070 545 3135 in
568 3069 747 3134 simulaoris
764 3089 895 3135 oausam
911 3069 1041 3135 videndi
1063 3069 1202 3153 positam
1225 3088 1309 3146 esse,
1336 3075 1367 3136 et

227 3190 302 3238 oasu
334 3172 442 3255 aliquo
468 3172 502 3236 id
525 3173 609 3238 male
631 3171 862 3256 transpositum
886 3191 970 3237 esse.
1017 3171 1130 3253 Neque
1152 3171 1238 3236 enim
1261 3172 1295 3236 in
1318 3173 1366 3238 eis

225 3277 260 3340 id
282 3276 425 3352 donetur,
451 3275 631 3342 simulacris
654 3275 758 3340 visum
781 3274 912 3354 moveri,
939 3273 997 3339 sed
1020 3293 1092 3340 esse
1114 3274 1298 3339 simulacra.
1326 3313 1363 3322 -—

643 3379 670 3459 I,
697 3380 758 3442 548
788 3379 839 3459 (=
862 3380 950 3460 609).

312 3481 446 3548 Versum
471 3484 533 3545 609
557 3501 577 3546 a
600 3481 748 3546 Lucretio
770 3480 841 3564 ipso
872 3479 1024 3564 seriptum
1047 3497 1120 3544 esse
1143 3480 1247 3562 quivis
1269 3481 1365 3546 intel-

220 3581 319 3668 ·lege't.
360 3585 450 3663 Quae
473 3585 571 3651 verba
593 3583 740 3666 quamvis
756 3583 820 3648 sint
835 3582 1085 3667 simplicissima,
1110 3581 1150 3648 de
1165 3582 1212 3648 eis
1228 3583 1366 3648 breviter

227 3686 397 3753 dicendum
420 3694 479 3766 est,
506 3707 577 3752 oum
601 3688 641 3752 ab
664 3687 901 3771 interpolatore,
928 3684 1038 3767 quiea
1060 3689 1208 3768 postult
1226 3685 1361 3769 repetiit,

226 3811 289 3855 nou
311 3798 397 3855 reete
419 3797 571 3874 pereepta
593 3789 672 3870 sint,
698 3789 784 3855 unde
813 3807 873 3854 nos
903 3808 976 3854 eum
999 3787 1127 3870 quidem
1149 3788 1287 3853 fructum
1310 3809 1366 3854 oa-

226 3893 341 3978 pimus,
360 3900 395 3958 ut
409 3900 512 3958 artem
528 3892 616 3958 illius
632 3904 876 3975 cognoscamus.
915 3891 1042 3957 Etenim
1062 3891 1169 3973 agitur
1183 3910 1245 3972 res,
1265 3898 1300 3956 ut
1315 3892 1365 3956 vi-

225 3996 328 4076 detur,
362 3996 543 4076 levissima,
576 3994 733 4078 quomodo
762 3995 894 4060 verbum
923 4002 996 4057 arat
1027 3993 1279 4076 intellegendum
1310 3994 1362 4059 sit.

226 4100 369 4183 Apparet
391 4106 498 4164 autem
521 4105 553 4163 et
575 4117 616 4163 ex
638 4097 719 4182 ipsis
734 4097 881 4162 versibus
897 4099 1045 4159 tol-tl
1062 4102 1094 4161 et
1116 4115 1156 4160 ex
1178 4095 1251 4160 aliis
1273 4095 1363 4178 loeis,

225 4211 299 4265 aaut
320 4210 406 4267 oerta
429 4200 606 4266 exsistendi
628 4199 755 4266 notione
778 4199 917 4283 positum
941 4219 1024 4280 esse,
1051 4199 1154 4264 itaut
1177 4199 1366 4264 Germaniae

224 4304 414 4370 vertendum
437 4304 497 4369 sit:
523 4321 579 4370 »es
603 4304 691 4387 giebt
713 4303 782 4369 also
805 4302 980 4386 primordia
1002 4323 1065 4368 von
1088 4302 1188 4368 festor
1210 4301 1365 4367 Einiaoh-
