3312 5280
778 415 991 475 ..20-

321 597 673 664 confirmationem
700 601 748 665 eis
771 601 935 666 contineri.
982 601 1024 665 At
1055 620 1125 666 cum
1155 598 1315 664 interdum
1337 597 1455 662 timea-

320 721 409 781 mm,
441 721 525 783 quae
547 703 674 767 omniuo
696 723 759 768 non
781 704 923 768 timenda
952 711 1041 783 sunt,
1074 703 1260 786 sequitur
1287 701 1393 786 potius
1421 700 1455 765 id

319 802 404 884 inde,
431 803 515 886 quod
537 811 647 870 nostre
669 805 736 870 vita
758 806 861 896 omnis
883 806 916 872 in
938 806 1079 872 tenebris
1098 807 1232 870 laborat.
1280 804 1323 870 Ut
1346 811 1454 868 cutem

321 905 500 970 sententiae
520 905 603 971 inter
625 926 660 971 se
682 927 744 972 nou
773 915 908 991 possunt
936 909 1101 991 coniungi,
1128 908 1174 973 ite
1204 907 1334 989 singula
1356 906 1456 971 verba

321 1007 529 1073 offensionem
546 1010 711 1092 praebent.
752 1012 800 1076 Ac
822 1011 960 1095 primum
983 1011 1112 1094 quidem
1135 1011 1293 1094 displicet,
1315 1008 1399 1092 quod
1421 1009 1455 1072 in

321 1111 423 1175 tribus
434 1131 473 1176 ao
481 1131 583 1194 paene
595 1131 630 1177 se
642 1113 877 1198 excipientibus
885 1114 1031 1180 versibus
1042 1113 1123 1178 illud
1135 1113 1168 1176 in
1181 1111 1315 1176 tenebris
1327 1110 1456 1175 diversa

321 1213 554 1296 significatione
576 1215 745 1299 repetitum
767 1225 826 1282 est.
873 1218 910 1281 In
938 1237 1033 1304 versu
1062 1218 1146 1282 enim
1177 1221 1216 1278 54
1239 1213 1456 1299 metaphorice

321 1317 439 1381 dietum
462 1325 528 1382 est:
560 1317 675 1384 deinde
701 1320 831 1403 propria
860 1321 988 1387 notione
1010 1321 1067 1396 (im
1090 1319 1222 1383 Duoket
1242 1321 1298 1382 der
1318 1317 1452 1398 Nacdt).

321 1421 492 1485 Praeterea
507 1421 535 1486 si
549 1421 597 1485 sic
611 1422 810 1505 colligimus:
836 1423 936 1486 omnis
951 1445 1020 1486 eccm
1035 1423 1102 1485 cito
1116 1424 1150 1485 io
1166 1424 1298 1486 tenebris
1314 1422 1456 1494 laboret,-

321 1545 394 1586 uam
417 1524 515 1586 veluti
529 1525 627 1606 pueri
649 1571 657 1586 .
678 1575 685 1588 .
707 1575 713 1588 .
739 1525 861 1588 siccos
883 1526 916 1588 irc
943 1527 1010 1588 lucc
1033 1525 1176 1588 timemus
1197 1525 1380 1588 interdum.
1403 1574 1409 1586 .
1431 1572 1453 1600 .,

322 1625 450 1690 omnis
480 1626 566 1691 vita
595 1633 627 1691 et
655 1627 854 1692 interdum
885 1628 1068 1693 timemus
1098 1647 1161 1692 non
1191 1633 1277 1693 recte
1305 1627 1390 1692 inter
1420 1646 1454 1691 se
1496 1703 1498 1708 ¹

323 1735 534 1812 opponuntur.

409 1819 446 1895 In
469 1831 554 1896 tertii
575 1851 650 1897 vero
673 1833 746 1897 libri
767 1833 931 1916 prooemio
953 1853 1017 1898 non
1032 1833 1136 1898 miuus
1151 1833 1237 1898 male
1251 1833 1324 1897 illos
1341 1850 1456 1897 versus

322 1933 464 1999 adiectos
487 1942 560 2000 esse
582 1956 623 2001 ex
646 1935 766 2000 eisdem
788 1936 894 2001 verbis
910 1937 1066 2000 interdum
1082 1935 1224 1999 timemus
1241 1934 1453 2018 cognoscitur.

323 2035 465 2121 Exponit
485 2037 568 2101 enim
590 2044 687 2120 poeta
708 2038 749 2103 de
770 2045 857 2102 metu
879 2038 1006 2104 mortis:
1040 2038 1123 2104 hunc
1144 2057 1262 2104 vexare
1288 2036 1453 2121 pudorem,

322 2143 406 2204 hunc
424 2140 556 2204 uincula
578 2141 739 2206 amicitiae
760 2161 910 2225 rumpere
933 2149 964 2206 et
985 2142 1019 2205 in
1042 2160 1167 2205 summa
1190 2141 1342 2224 pietatem
1365 2160 1457 2206 ever-

324 2249 392 2307 tere
411 2241 518 2306 clade:
544 2264 618 2306 com
640 2243 705 2306 iam
726 2266 818 2327 saepe
837 2243 976 2307 homines
992 2243 1136 2326 patriam
1151 2265 1301 2326 carosque
1311 2243 1457 2325 parentis

540 2346 764 2428 prodiderunt,
789 2346 890 2410 citare
914 2347 1092 2410 Acherusia
1116 2347 1233 2429 templa
1248 2354 1403 2428 petentes.

324 2449 465 2530 Pergunt
485 2448 584 2531 igitur
605 2448 678 2513 libri
702 2449 765 2514 sic:

453 2574 526 2615 nom
548 2552 647 2616 veluti
670 2603 676 2616 .
706 2603 711 2615 .
743 2601 748 2614 .

457 2703 676 2719 .......
703 2656 881 2718 ciceronio
904 2657 972 2718 lucc
996 2656 1137 2718 timemus

455 2757 623 2836 interdum,
648 2758 714 2820 cilo
737 2779 817 2841 quoe
839 2765 912 2821 suot
925 2759 1090 2821 metuendo
1108 2757 1209 2840 mopis
1224 2779 1318 2841 qoam
1333 2779 1359 2819 c.
1379 2779 1409 2840 q.
1429 2779 1454 2820 o.

325 2858 391 2924 Sed
412 2859 581 2934 inondum,
606 2859 691 2941 quod
713 2858 755 2924 ad
770 2879 863 2924 curas
878 2859 1041 2924 hominum
1057 2860 1090 2924 in
1106 2860 1290 2924 universum
1306 2859 1455 2942 pertinet,

325 2962 365 3026 eb
388 2960 448 3026 boo
477 2961 705 3028 sententiarum
736 2981 858 3026 conexu
887 2961 1027 3027 alienum
1056 2968 1121 3040 est,
1155 2961 1308 3042 quoniam
1336 2961 1370 3026 in
1400 2960 1460 3024 hoc

325 3064 489 3148 prooemio
511 3070 574 3129 toto
597 3063 638 3129 de
661 3071 745 3129 certo
768 3065 877 3130 mortis
900 3071 986 3130 metu
1009 3084 1114 3130 sermo
1135 3063 1182 3142 fit,

423 3167 623 3252 funditus
645 3166 816 3230 humanam
838 3167 893 3251 qui
914 3167 1010 3230 bitom
1033 3168 1139 3230 turbat
1160 3167 1200 3228 ab
1222 3166 1295 3242 imo,

435 3269 566 3333 omnio
588 3269 774 3355 suffundens
796 3270 907 3334 mortio
929 3269 1067 3353 oiprme,
1092 3291 1217 3353 oeque
1239 3269 1363 3331 ullam

434 3394 499 3435 esse
521 3373 711 3455 voluptatem
734 3372 885 3456 liquidam
901 3393 1079 3455 puramque
1101 3371 1264 3455 relinquit,

326 3494 387 3557 quo
409 3474 554 3539 homines
576 3496 640 3540 non
662 3474 819 3540 interdum
843 3481 982 3555 tentum,
1015 3474 1073 3539 sed
1101 3493 1229 3558 semper
1251 3472 1461 3553 omnibusque

325 3578 357 3642 iu
380 3578 476 3643 rebus
498 3584 660 3661 anguntur
669 3581 702 3663 ἱ).

411 3680 546 3746 Accedit
575 3680 659 3762 quod
689 3679 793 3744 eidem
816 3699 928 3744 versus
957 3679 990 3743 in
1013 3679 1076 3743 fine
1104 3678 1259 3763 prooemii
1282 3677 1365 3744 sexti
1388 3678 1461 3742 libri

327 3789 465 3862 exstent,
491 3783 546 3848 ubi
568 3783 732 3865 egregium
755 3799 885 3848 sensum
900 3782 1065 3865 praebent.
1106 3780 1307 3865 Quapropter
1322 3801 1384 3846 non
1401 3780 1462 3845 du-

326 3885 402 3963 bito,
428 3887 505 3970 quin
527 3893 559 3951 θῖ
580 3886 614 3950 in
638 3885 778 3950 secundo
795 3889 827 3950 et
842 3885 875 3948 in
886 3884 986 3952 ,tertio
1008 3884 1090 3949 libro
1112 3905 1176 3948 non
1191 3904 1211 3948 a
1226 3883 1374 3948 Lucretio
1389 3883 1462 3967 ipso

326 3989 434 4055 iterati
456 3990 530 4055 sint.
577 3989 660 4054 Eum
683 3994 801 4063 autem,
827 3988 882 4069 qui
905 3987 1039 4052 secundi
1061 3994 1093 4051 ct
1110 3987 1196 4051 tertii
1210 3986 1285 4050 libri
1300 3986 1463 4069 prooemia

327 4093 372 4157 ita
395 4092 565 4158 emendare
587 4090 718 4164 studuit,
744 4096 779 4154 ut
800 4109 840 4155 ea
866 4090 989 4172 aliquot
1009 4089 1155 4155 versibus
1179 4089 1379 4154 Lucretianis
1402 4109 1463 4152 au·

397 4315 412 4376 ¹)
435 4314 508 4368 idem
527 4313 615 4367 sentit
632 4312 784 4367 Goobclius
803 4312 943 4366 observat.
964 4327 1010 4380 pg.
1033 4313 1074 4363 28.
