3312 5280
797 446 1010 508 „62-

422 629 502 694 Cum
526 630 566 696 de
589 631 779 697 mortalitate
800 632 927 696 animae
942 630 1039 711 dieat,
1066 636 1162 715 poeta
1178 630 1273 696 etiam
1289 649 1361 697 eam
1377 631 1472 698 affert

337 751 478 820 oausam,
503 733 589 816 quod
611 755 711 818 aegra
734 734 841 800 sanari
863 734 967 819 possit-
993 734 1059 818 (111,
1087 736 1242 817 513-8l:

457 837 571 900 addere
593 837 674 900 euim
690 837 798 920 pertis
820 845 877 900 aed
898 837 1006 900 ordine
1030 836 1180 901 traiecere
1201 847 1338 901 aecumst

459 947 515 1002 aut
537 939 661 1024 aliquid
675 961 808 1022 prosum
830 941 867 1002 de
889 961 1010 1003 summa
1032 939 1196 1002 detrahere
1218 938 1327 1016 lulum,

460 1049 649 1106 commutare
671 1042 809 1106 acimum
832 1042 1015 1127 qur'eamqae
1037 1041 1181 1106 adoritur
1203 1049 1233 1105 el
1255 1041 1324 1125 alfii

459 1144 634 1208 aetoliam
657 1146 797 1228 quamvis
820 1153 969 1208 naturam
979 1145 1113 1230 flectere
1136 1144 1269 1227 quaerar.

458 1255 492 1310 et
514 1269 611 1330 neque
635 1249 809 1333 transferri
828 1247 891 1311 sibi
904 1248 1012 1330 partis
1034 1269 1089 1310 aee
1112 1246 1210 1310 tribui
1231 1247 1298 1310 uult

460 1348 637 1414 r'ramortale
660 1351 745 1434 quod
764 1358 811 1413 est
833 1349 997 1434 quiequam
1019 1371 1116 1432 neque
1139 1351 1177 1411 de
1196 1371 1272 1412 aere
1293 1347 1404 1412 hilum.

337 1448 453 1515 deinde
476 1459 651 1534 sequuntur
673 1452 722 1516 illi
744 1471 866 1518 versus.
906 1453 949 1516 At
971 1450 1113 1531 etiamsi,
1140 1471 1211 1516 cum
1235 1457 1375 1529 sanetur,
1401 1450 1472 1516 ani-

337 1571 409 1618 mae
431 1560 542 1637 partes
564 1554 745 1619 tribuantur
767 1555 818 1620 vel
835 1554 1013 1634 demantur,
1040 1573 1103 1617 non
1120 1573 1160 1618 ex
1176 1553 1243 1618 suis
1259 1553 1376 1618 finibus
1392 1553 1468 1618 exit.

337 1653 445 1732 Quare
467 1656 516 1720 illi
538 1676 651 1722 versus
673 1657 725 1722 hic
747 1656 848 1740 inepti
871 1664 954 1723 sunt.
980 1694 1022 1704 -

422 1759 586 1826 Postremo
608 1760 704 1826 etiam
728 1779 854 1825 versum
956 1819 959 1825 .

718 1863 762 1942 II,
788 1865 848 1927 864
878 1864 929 1946 (=
951 1863 978 1938 I,
1005 1863 1076 1942 797)

338 1983 409 2028 eum
432 1963 585 2030 Goebelio
613 1965 787 2030 insiticium
808 1971 896 2050 puto.
944 1964 1028 2029 Nam
1058 1969 1090 2029 et
1117 1963 1186 2028 sine
1210 1982 1323 2029 sensus
1354 1962 1471 2028 damno

336 2065 489 2131 omittitur
512 2072 544 2132 et
566 2068 799 2132 enuntiatorum
822 2067 920 2133 efficit
946 2087 1103 2132 conexum
1132 2065 1409 2150 molestissimum:
1444 2066 1472 2130 si

337 2169 516 2232 colamus
546 2170 756 2254 subiungere,
787 2191 828 2236 ne
853 2170 933 2233 libi
952 2169 1096 2235 redeant.
1140 2169 1234 2254 Hanc
1263 2169 1470 2234 offensionem

337 2273 508 2354 removeri,
535 2272 562 2338 si
584 2274 617 2338 in
640 2273 801 2340 codicibus
824 2279 910 2339 esset
931 2292 1043 2339 versus

290 2384 293 2390 '
493 2399 531 2439 ree
554 2399 604 2439 res
626 2377 670 2440 ad
689 2377 788 2440 uilem
809 2377 996 2459 reddpautur
1008 2376 1163 2462 funditus
1185 2367 1298 2455 omues,

337 2499 408 2543 eum
421 2485 505 2545 reete
517 2478 633 2544 viderit
645 2480 865 2559 Neumannus‚
880 2500 941 2562 quo
953 2487 1061 2544 tamen
1072 2478 1141 2544 iure
1154 2498 1290 2543 errorem
1307 2474 1472 2543 librarii

338 2599 395 2664 pro
417 2580 473 2646 illc
495 2600 590 2646 versu
613 2581 696 2648 hune
715 2581 882 2648 scribentis
899 2581 1026 2647 facilem
1042 2580 1140 2664 dieat,
1159 2580 1213 2645 vix
1228 2580 1409 2664 intellegas.
1430 2617 1472 2626 —

424 2787 583 2870 Deinceps
607 2787 703 2852 aliam
719 2787 857 2870 plurium
873 2805 1023 2852 versuum
1038 2785 1245 2869 repetitarum
1261 2785 1376 2851 seriem
1393 2805 1473 2850 exa-

339 2888 505 2970 minemus.
547 2889 704 2972 ¹Legimus
728 2889 812 2954 enim
835 2909 947 2954 versus

446 3013 521 3054 aera
545 2993 618 3055 beree
641 2993 696 3075 qui
716 2992 852 3055 dr‘de'eere
875 2993 948 3055 deos
970 3012 1111 3054 securam
1133 3013 1226 3075 apere
1248 3011 1365 3068 aecem,

445 3094 475 3158 si
496 3103 599 3158 tamen
621 3095 741 3159 interea
763 3094 921 3158 miraretur
943 3116 1005 3178 que
1027 3093 1149 3157 ratione

447 3219 586 3283 quaeque
607 3198 679 3282 perd
693 3197 829 3281 possiet,
852 3197 1040 3279 praesertim
1061 3198 1155 3260 rebus
1177 3196 1210 3259 iu
1234 3195 1299 3259 illis

447 3324 525 3385 qaae
548 3322 662 3384 supera
684 3303 780 3382 eaput
801 3299 948 3364 aetheriis
971 3307 1141 3362 cernantur
1163 3298 1196 3361 ire
1219 3297 1293 3374 eru's,

448 3424 557 3465 rursus
579 3403 612 3465 r're
634 3403 779 3486 autiquae
801 3403 985 3486 referantur
1006 3399 1180 3483 religionis,

447 3513 478 3568 et
500 3504 639 3568 dominos
661 3505 744 3568 ueris
767 3504 954 3582 adsciscunt,
982 3503 1085 3566 amuda
1101 3525 1195 3586 posse

447 3631 522 3692 quos
543 3606 652 3671 mr'eerr'
671 3607 810 3686 creduut,
837 3606 944 3690 iqaard
964 3605 1041 3688 quid
1061 3613 1154 3688 queat
1175 3626 1249 3687 esse,

446 3711 524 3795 quid
543 3719 684 3795 nequeat,
698 3710 800 3793 ficita
819 3717 960 3792 potestas
982 3708 1113 3792 deru'que
1136 3707 1245 3792 cuique

447 3835 581 3898 quaeum
604 3814 646 3877 sr't
667 3813 788 3876 rationi
808 3821 901 3895 utque
924 3812 988 3875 alte
1012 3810 1160 3874 terruimus
1184 3810 1325 3873 haereres.

340 3916 425 3981 etin
448 3917 548 3999 quinti
576 3918 737 4000 (82-90)
765 3923 796 3981 et
823 3915 857 3978 in
887 3914 969 3979 sexti
998 3913 1158 3995 (58-66)
1191 3911 1264 3976 libri
1291 3911 1468 3996 prooemio;

340 4025 506 4102 praeterea
527 4020 590 4085 duo
612 4019 660 4084 illi
676 4017 809 4085 extremi
826 4035 937 4082 versus
961 4016 1039 4100 quid
1050 4023 1184 4100 nequeat
1199 4038 1225 4077 e.
1244 4039 1275 4101 q.
1293 4037 1319 4078 s.
1344 4014 1377 4078 in
1392 4014 1473 4078 libro

338 4121 440 4204 primo
461 4122 511 4188 bis
540 4123 601 4204 (76.
623 4126 655 4202 73
684 4125 757 4185 595.
777 4123 805 4204 6)
832 4119 960 4203 repetiti
983 4127 1066 4184 sunt.

790 4222 843 4301 VI,
871 4223 1021 4285 58-66.

425 4328 472 4391 Ao
493 4326 630 4410 primum
654 4324 782 4407 quidem
804 4324 938 4388 moleste
966 4323 1038 4388 illos
1061 4342 1175 4387 novem
1198 4339 1320 4398 versus,
1346 4320 1380 4384 in
1403 4320 1474 4400 qui-
