<?xml version="1.0" encoding="UTF-8"?>
<!DOCTYPE html PUBLIC "-//W3C//DTD XHTML 1.0 Transitional//EN"
    "http://www.w3.org/TR/xhtml1/DTD/xhtml1-transitional.dtd">
<html xmlns="http://www.w3.org/1999/xhtml" xml:lang="en" lang="en">
 <head>
  <title>
</title>
<meta http-equiv="Content-Type" content="text/html;charset=utf-8" />
  <meta name='ocr-system' content='tesseract 3.04.00' />
  <meta name='ocr-capabilities' content='ocr_page ocr_carea ocr_par ocr_line ocrx_word'/>
</head>
<body>
  <div class='ocr_page' id='page_1' title='image "./deversibusinluc00gneigoog_0077.png"; bbox 0 0 3312 5280; ppageno 0'>
   <div class='ocr_carea' id='block_1_1' title="bbox 792 383 1006 444">
    <p class='ocr_par' dir='ltr' id='par_1_1' title="bbox 792 383 1006 444">
     <span class='ocr_line' id='line_1_1' title="bbox 792 383 1006 444; baseline 0 -16"><span class='ocrx_word' id='word_1_1' title='bbox 792 383 1006 444; x_wconf 71' lang='lat'>..72-</span> 
     </span>
    </p>
   </div>
   <div class='ocr_carea' id='block_1_2' title="bbox 315 568 1478 4152">
    <p class='ocr_par' dir='ltr' id='par_1_2' title="bbox 315 568 1478 4152">
     <span class='ocr_line' id='line_1_2' title="bbox 466 568 1296 653; baseline -0.002 -21"><span class='ocrx_word' id='word_1_2' title='bbox 466 569 689 653; x_wconf 76' lang='lat' dir='ltr'><em>multiplexque</em></span> <span class='ocrx_word' id='word_1_3' title='bbox 712 568 774 632; x_wconf 77' lang='lat' dir='ltr'><em>tou</em></span> <span class='ocrx_word' id='word_1_4' title='bbox 794 569 929 652; x_wconf 81' lang='lat' dir='ltr'><em>spatium</em></span> <span class='ocrx_word' id='word_1_5' title='bbox 954 577 1168 632; x_wconf 75' lang='lat' dir='ltr'><em>transcurrere</em></span> <span class='ocrx_word' id='word_1_6' title='bbox 1191 568 1296 630; x_wconf 82' lang='lat' dir='ltr'><em>eodem</em></span> 
     </span>
     <span class='ocr_line' id='line_1_3' title="bbox 468 671 1328 756; baseline -0.002 -20"><span class='ocrx_word' id='word_1_7' title='bbox 468 680 600 752; x_wconf 85' lang='lat' dir='ltr'><em>tempore</em></span> <span class='ocrx_word' id='word_1_8' title='bbox 622 693 681 755; x_wconf 85' lang='lat' dir='ltr'><em>quo</em></span> <span class='ocrx_word' id='word_1_9' title='bbox 703 671 778 735; x_wconf 78' lang='lat' dir='ltr'><em>sotis</em></span> <span class='ocrx_word' id='word_1_10' title='bbox 795 672 1175 756; x_wconf 71' lang='lat' dir='ltr'><em>pereolpoutfulpuru</em></span> <span class='ocrx_word' id='word_1_11' title='bbox 1199 671 1328 735; x_wconf 85' lang='lat' dir='ltr'><em>coetum.</em></span> 
     </span>
     <span class='ocr_line' id='line_1_4' title="bbox 336 772 1478 859; baseline 0.002 -21"><span class='ocrx_word' id='word_1_12' title='bbox 336 772 534 851; x_wconf 74' lang='lat' dir='ltr'>Quibuscum</span> <span class='ocrx_word' id='word_1_13' title='bbox 569 773 597 840; x_wconf 85' lang='lat' dir='ltr'><em>si</em></span> <span class='ocrx_word' id='word_1_14' title='bbox 636 774 890 859; x_wconf 86' lang='lat' dir='ltr'><em>comparaveris,</em></span> <span class='ocrx_word' id='word_1_15' title='bbox 926 781 1016 856; x_wconf 89' lang='lat' dir='ltr'><em>quae&#39;</em></span> <span class='ocrx_word' id='word_1_16' title='bbox 1038 774 1072 838; x_wconf 90' lang='lat' dir='ltr'><em>in</em></span> <span class='ocrx_word' id='word_1_17' title='bbox 1102 782 1215 856; x_wconf 88' lang='lat' dir='ltr'><em>quarto</em></span> <span class='ocrx_word' id='word_1_18' title='bbox 1248 774 1329 839; x_wconf 92' lang='lat' dir='ltr'><em>libro</em></span> <span class='ocrx_word' id='word_1_19' title='bbox 1349 773 1427 840; x_wconf 90' lang='lat' dir='ltr'><em>inde</em></span> <span class='ocrx_word' id='word_1_20' title='bbox 1456 796 1478 840; x_wconf 89' lang='lat' dir='ltr'><em>a</em></span> 
     </span>
     <span class='ocr_line' id='line_1_5' title="bbox 336 877 705 960; baseline 0.003 -20"><span class='ocrx_word' id='word_1_21' title='bbox 336 893 430 942; x_wconf 83' lang='lat' dir='ltr'><em>versu</em></span> <span class='ocrx_word' id='word_1_22' title='bbox 453 879 514 940; x_wconf 74' lang='grc'><em>204</em></span> <span class='ocrx_word' id='word_1_23' title='bbox 538 877 705 960; x_wconf 84' lang='lat' dir='ltr'><em>leguntur:</em></span> 
     </span>
     <span class='ocr_line' id='line_1_6' title="bbox 507 979 1375 1065; baseline 0.001 -24"><span class='ocrx_word' id='word_1_24' title='bbox 507 979 585 1062; x_wconf 78' lang='lat' dir='ltr'><em>quiet</em></span> <span class='ocrx_word' id='word_1_25' title='bbox 598 1001 677 1063; x_wconf 86' lang='lat' dir='ltr'><em>quoe</em></span> <span class='ocrx_word' id='word_1_26' title='bbox 692 986 764 1042; x_wconf 87' lang='lat' dir='ltr'><em>suut</em></span> <span class='ocrx_word' id='word_1_27' title='bbox 778 979 877 1064; x_wconf 73' lang='lat' dir='ltr'><em>iqitur</em></span> <span class='ocrx_word' id='word_1_28' title='bbox 892 979 956 1043; x_wconf 79' lang='lat' dir='ltr'><em>iem</em></span> <span class='ocrx_word' id='word_1_29' title='bbox 972 980 1082 1062; x_wconf 80' lang='lat' dir='ltr'><em>primu</em></span> <span class='ocrx_word' id='word_1_30' title='bbox 1094 981 1211 1065; x_wconf 82' lang='lat' dir='ltr'><em>fronte</em></span> <span class='ocrx_word' id='word_1_31' title='bbox 1227 983 1375 1063; x_wconf 75' lang='lat' dir='ltr'><em>paratu?</em></span> 
     </span>
     <span class='ocr_line' id='line_1_7' title="bbox 423 1081 1335 1161; baseline 0.002 -17"><span class='ocrx_word' id='word_1_32' title='bbox 423 1083 484 1146; x_wconf 81' lang='lat'><em>205</em></span> <span class='ocrx_word' id='word_1_33' title='bbox 508 1103 578 1144; x_wconf 85' lang='lat' dir='ltr'><em>curu</em></span> <span class='ocrx_word' id='word_1_34' title='bbox 599 1081 757 1146; x_wconf 79' lang='lat' dir='ltr'><em>iuciuutur</em></span> <span class='ocrx_word' id='word_1_35' title='bbox 779 1090 810 1146; x_wconf 93' lang='lat' dir='ltr'><em>et</em></span> <span class='ocrx_word' id='word_1_36' title='bbox 831 1081 975 1160; x_wconf 77' lang='lat' dir='ltr'><em>emissum</em></span> <span class='ocrx_word' id='word_1_37' title='bbox 996 1105 1047 1146; x_wconf 89' lang='lat' dir='ltr'><em>res</em></span> <span class='ocrx_word' id='word_1_38' title='bbox 1069 1084 1160 1147; x_wconf 83' lang='lat' dir='ltr'><em>uultu</em></span> <span class='ocrx_word' id='word_1_39' title='bbox 1181 1092 1335 1161; x_wconf 85' lang='lat' dir='ltr'><em>moretur,</em></span> 
     </span>
     <span class='ocr_line' id='line_1_8' title="bbox 315 1184 1379 1272; baseline 0.004 -26"><span class='ocrx_word' id='word_1_40' title='bbox 315 1191 329 1208; x_wconf 82' lang='lat'>&#39;</span> <span class='ocrx_word' id='word_1_41' title='bbox 426 1187 484 1247; x_wconf 81' lang='lat'><em>195</em></span> <span class='ocrx_word' id='word_1_42' title='bbox 508 1186 592 1268; x_wconf 81' lang='lat' dir='ltr'><em>quod</em></span> <span class='ocrx_word' id='word_1_43' title='bbox 605 1193 756 1268; x_wconf 74' lang='lat' dir='ltr'><em>superest,</em></span> <span class='ocrx_word' id='word_1_44' title='bbox 776 1184 830 1248; x_wconf 81' lang='lat' dir='ltr'><em>ubr&#39;</em></span> <span class='ocrx_word' id='word_1_45' title='bbox 845 1194 908 1249; x_wconf 82' lang='lat' dir='ltr'><em>tuuc</em></span> <span class='ocrx_word' id='word_1_46' title='bbox 930 1185 1051 1250; x_wconf 78' lang='lat' dir='ltr'><em>uolucri</em></span> <span class='ocrx_word' id='word_1_47' title='bbox 1072 1185 1196 1250; x_wconf 79' lang='lat' dir='ltr'><em>levitate</em></span> <span class='ocrx_word' id='word_1_48' title='bbox 1208 1187 1379 1272; x_wconf 83' lang='lat' dir='ltr'><em>feruutur,</em></span> 
     </span>
     <span class='ocr_line' id='line_1_9' title="bbox 422 1287 1226 1372; baseline 0.002 -22"><span class='ocrx_word' id='word_1_49' title='bbox 422 1291 485 1351; x_wconf 87' lang='grc'><em>206</em></span> <span class='ocrx_word' id='word_1_50' title='bbox 508 1309 607 1371; x_wconf 85' lang='lat' dir='ltr'><em>quoue</em></span> <span class='ocrx_word' id='word_1_51' title='bbox 629 1287 714 1351; x_wconf 82' lang='lat' dir='ltr'><em>uides</em></span> <span class='ocrx_word' id='word_1_52' title='bbox 736 1287 827 1352; x_wconf 83' lang='lat' dir='ltr'><em>u&#39;tc&#39;us</em></span> <span class='ocrx_word' id='word_1_53' title='bbox 849 1289 958 1352; x_wconf 83' lang='lat' dir='ltr'><em>debere</em></span> <span class='ocrx_word' id='word_1_54' title='bbox 982 1297 1013 1352; x_wconf 91' lang='lat' dir='ltr'><em>et</em></span> <span class='ocrx_word' id='word_1_55' title='bbox 1035 1289 1156 1372; x_wconf 78' lang='lat' dir='ltr'><em>loupius</em></span> <span class='ocrx_word' id='word_1_56' title='bbox 1179 1287 1226 1352; x_wconf 88' lang='lat' dir='ltr'><em>r&#39;re</em></span> 
     </span>
     <span class='ocr_line' id='line_1_10' title="bbox 507 1390 1365 1478; baseline 0.002 -25"><span class='ocrx_word' id='word_1_57' title='bbox 507 1390 731 1475; x_wconf 74' lang='lat' dir='ltr'><em>multuplcaquc</em></span> <span class='ocrx_word' id='word_1_58' title='bbox 755 1391 817 1454; x_wconf 80' lang='lat' dir='ltr'><em>loci</em></span> <span class='ocrx_word' id='word_1_59' title='bbox 837 1391 976 1475; x_wconf 78' lang='lat' dir='ltr'><em>spatium</em></span> <span class='ocrx_word' id='word_1_60' title='bbox 1000 1400 1215 1456; x_wconf 77' lang='lat' dir='ltr'><em>transcurrere</em></span> <span class='ocrx_word' id='word_1_61' title='bbox 1238 1393 1365 1478; x_wconf 27' lang='lat' dir='ltr'><em>eodem·</em></span> 
     </span>
     <span class='ocr_line' id='line_1_11' title="bbox 508 1493 1374 1578; baseline 0.002 -22"><span class='ocrx_word' id='word_1_62' title='bbox 508 1502 644 1576; x_wconf 82' lang='lat' dir='ltr'><em>tempore</em></span> <span class='ocrx_word' id='word_1_63' title='bbox 666 1515 725 1577; x_wconf 82' lang='lat' dir='ltr'><em>quo</em></span> <span class='ocrx_word' id='word_1_64' title='bbox 748 1493 822 1556; x_wconf 76' lang='lat' dir='ltr'><em>solis</em></span> <span class='ocrx_word' id='word_1_65' title='bbox 842 1495 1030 1578; x_wconf 71' lang='lat' dir='ltr'><em>peroolpuut</em></span> <span class='ocrx_word' id='word_1_66' title='bbox 1052 1494 1203 1558; x_wconf 74' lang='lat' dir='ltr'><em>turtius</em></span> <span class='ocrx_word' id='word_1_67' title='bbox 1225 1495 1374 1558; x_wconf 73' lang='lat' dir='ltr'><em>coelum?</em></span> 
     </span>
     <span class='ocr_line' id='line_1_12' title="bbox 334 1594 1476 1683; baseline 0.003 -24"><span class='ocrx_word' id='word_1_68' title='bbox 334 1594 483 1676; x_wconf 89' lang='lat' dir='ltr'><em>quoniam</em></span> <span class='ocrx_word' id='word_1_69' title='bbox 506 1595 611 1680; x_wconf 87' lang='lat' dir='ltr'><em>priore</em></span> <span class='ocrx_word' id='word_1_70' title='bbox 640 1595 709 1662; x_wconf 90' lang='lat' dir='ltr'><em>loco</em></span> <span class='ocrx_word' id='word_1_71' title='bbox 732 1615 789 1680; x_wconf 88' lang='lat' dir='ltr'><em>pro</em></span> <span class='ocrx_word' id='word_1_72' title='bbox 812 1596 942 1676; x_wconf 74' lang='lat' dir='ltr'><em>tremine,</em></span> <span class='ocrx_word' id='word_1_73' title='bbox 968 1595 1054 1678; x_wconf 87' lang='lat' dir='ltr'><em>quod</em></span> <span class='ocrx_word' id='word_1_74' title='bbox 1076 1602 1126 1662; x_wconf 86' lang='lat' dir='ltr'><em>est</em></span> <span class='ocrx_word' id='word_1_75' title='bbox 1146 1596 1180 1660; x_wconf 91' lang='lat' dir='ltr'><em>in</em></span> <span class='ocrx_word' id='word_1_76' title='bbox 1195 1597 1380 1681; x_wconf 81' lang='lat' dir='ltr'><em>posteriore,</em></span> <span class='ocrx_word' id='word_1_77' title='bbox 1397 1599 1476 1683; x_wconf 87' lang='lat' dir='ltr'><em>fut-</em></span> 
     </span>
     <span class='ocr_line' id='line_1_13' title="bbox 332 1698 1475 1784; baseline 0.005 -24"><span class='ocrx_word' id='word_1_78' title='bbox 332 1720 414 1780; x_wconf 77' lang='lat' dir='ltr'><em>pura</em></span> <span class='ocrx_word' id='word_1_79' title='bbox 435 1699 526 1764; x_wconf 87' lang='lat' dir='ltr'>nulla</span> <span class='ocrx_word' id='word_1_80' title='bbox 548 1698 614 1764; x_wconf 86' lang='lat' dir='ltr'><em>alia</em></span> <span class='ocrx_word' id='word_1_81' title='bbox 635 1718 734 1764; x_wconf 83' lang='lat' dir='ltr'><em>causa</em></span> <span class='ocrx_word' id='word_1_82' title='bbox 755 1698 908 1784; x_wconf 83' lang='lat' dir='ltr'><em>seriptum</em></span> <span class='ocrx_word' id='word_1_83' title='bbox 924 1719 998 1766; x_wconf 84' lang='lat' dir='ltr'><em>esse</em></span> <span class='ocrx_word' id='word_1_84' title='bbox 1014 1699 1170 1766; x_wconf 85' lang='lat' dir='ltr'><em>consedes</em></span> <span class='ocrx_word' id='word_1_85' title='bbox 1192 1699 1256 1765; x_wconf 85' lang='lat' dir='ltr'><em>nisi</em></span> <span class='ocrx_word' id='word_1_86' title='bbox 1278 1701 1363 1783; x_wconf 91' lang='lat' dir='ltr'><em>quod</em></span> <span class='ocrx_word' id='word_1_87' title='bbox 1378 1703 1475 1784; x_wconf 89' lang='lat' dir='ltr'><em>paulo</em></span> 
     </span>
     <span class='ocr_line' id='line_1_14' title="bbox 334 1801 1474 1884; baseline 0.004 -20"><span class='ocrx_word' id='word_1_88' title='bbox 334 1808 409 1866; x_wconf 90' lang='lat' dir='ltr'><em>ante</em></span> <span class='ocrx_word' id='word_1_89' title='bbox 432 1801 551 1864; x_wconf 76' lang='lat' dir='ltr'><em>luminu</em></span> <span class='ocrx_word' id='word_1_90' title='bbox 573 1801 648 1866; x_wconf 80' lang='lat' dir='ltr'><em>solis</em></span> <span class='ocrx_word' id='word_1_91' title='bbox 670 1807 809 1883; x_wconf 82' lang='lat' dir='ltr'><em>exstant,</em></span> <span class='ocrx_word' id='word_1_92' title='bbox 835 1801 911 1883; x_wconf 88' lang='lat' dir='ltr'>quid</span> <span class='ocrx_word' id='word_1_93' title='bbox 934 1801 1072 1878; x_wconf 62' lang='lat' dir='ltr'><em>dubitas</em></span> <span class='ocrx_word' id='word_1_94' title='bbox 1096 1803 1172 1884; x_wconf 86' lang='lat' dir='ltr'>quin</span> <span class='ocrx_word' id='word_1_95' title='bbox 1187 1801 1221 1867; x_wconf 92' lang='lat' dir='ltr'><em>in</em></span> <span class='ocrx_word' id='word_1_96' title='bbox 1237 1802 1377 1868; x_wconf 83' lang='lat' dir='ltr'><em>seeundo</em></span> <span class='ocrx_word' id='word_1_97' title='bbox 1392 1803 1474 1869; x_wconf 90' lang='lat' dir='ltr'><em>libro</em></span> 
     </span>
     <span class='ocr_line' id='line_1_15' title="bbox 333 1921 445 1970; baseline 0 -2"><span class='ocrx_word' id='word_1_98' title='bbox 333 1921 445 1970; x_wconf 83' lang='lat' dir='ltr'><em>versus</em></span> 
     </span>
     <span class='ocr_line' id='line_1_16' title="bbox 464 2007 1377 2092; baseline 0.001 -22"><span class='ocrx_word' id='word_1_99' title='bbox 464 2007 687 2092; x_wconf 71' lang='lat' dir='ltr'><em>multiplexque</em></span> <span class='ocrx_word' id='word_1_100' title='bbox 710 2007 772 2071; x_wconf 79' lang='lat' dir='ltr'><em>loci</em></span> <span class='ocrx_word' id='word_1_101' title='bbox 791 2009 928 2092; x_wconf 81' lang='lat' dir='ltr'><em>spatium</em></span> <span class='ocrx_word' id='word_1_102' title='bbox 953 2017 1166 2072; x_wconf 86' lang='lat' dir='ltr'><em>truuscurrere</em></span> <span class='ocrx_word' id='word_1_103' title='bbox 1189 2010 1295 2072; x_wconf 84' lang='lat' dir='ltr'><em>eodem</em></span> <span class='ocrx_word' id='word_1_104' title='bbox 1374 2021 1377 2028; x_wconf 82' lang='grc'>’</span> 
     </span>
     <span class='ocr_line' id='line_1_17' title="bbox 463 2110 1287 2196; baseline 0.002 -24"><span class='ocrx_word' id='word_1_105' title='bbox 463 2119 599 2192; x_wconf 74' lang='lat' dir='ltr'><em>teuurore</em></span> <span class='ocrx_word' id='word_1_106' title='bbox 622 2133 680 2193; x_wconf 85' lang='lat' dir='ltr'><em>quo</em></span> <span class='ocrx_word' id='word_1_107' title='bbox 703 2110 778 2174; x_wconf 78' lang='lat' dir='ltr'><em>solis</em></span> <span class='ocrx_word' id='word_1_108' title='bbox 794 2112 984 2195; x_wconf 72' lang='lat' dir='ltr'><em>pervolpuut</em></span> <span class='ocrx_word' id='word_1_109' title='bbox 996 2112 1135 2196; x_wconf 77' lang='lat' dir='ltr'><em>sulpura</em></span> <span class='ocrx_word' id='word_1_110' title='bbox 1158 2112 1287 2192; x_wconf 83' lang='lat' dir='ltr'><em>caelum,</em></span> 
     </span>
     <span class='ocr_line' id='line_1_18' title="bbox 334 2209 1475 2299; baseline 0.001 -22"><span class='ocrx_word' id='word_1_111' title='bbox 334 2213 433 2297; x_wconf 84' lang='lat' dir='ltr'><em>spurii</em></span> <span class='ocrx_word' id='word_1_112' title='bbox 456 2213 532 2291; x_wconf 84' lang='lat' dir='ltr'><em>siut,</em></span> <span class='ocrx_word' id='word_1_113' title='bbox 556 2213 744 2297; x_wconf 84' lang='lat' dir='ltr'><em>praesertim</em></span> <span class='ocrx_word' id='word_1_114' title='bbox 767 2233 838 2280; x_wconf 89' lang='lat' dir='ltr'><em>oum</em></span> <span class='ocrx_word' id='word_1_115' title='bbox 861 2215 943 2279; x_wconf 89' lang='lat' dir='ltr'><em>bene</em></span> <span class='ocrx_word' id='word_1_116' title='bbox 958 2213 1060 2279; x_wconf 86' lang='lat' dir='ltr'><em>omitti</em></span> <span class='ocrx_word' id='word_1_117' title='bbox 1075 2209 1210 2299; x_wconf 76' lang='lat' dir='ltr'><em>possiut,</em></span> <span class='ocrx_word' id='word_1_118' title='bbox 1229 2213 1379 2296; x_wconf 87' lang='lat' dir='ltr'><em>quoniam</em></span> <span class='ocrx_word' id='word_1_119' title='bbox 1394 2213 1475 2278; x_wconf 89' lang='lat' dir='ltr'>nihil</span> 
     </span>
     <span class='ocr_line' id='line_1_19' title="bbox 333 2316 1007 2400; baseline 0.001 -20"><span class='ocrx_word' id='word_1_120' title='bbox 333 2316 408 2382; x_wconf 88' lang='lat' dir='ltr'><em>novi</em></span> <span class='ocrx_word' id='word_1_121' title='bbox 430 2316 576 2382; x_wconf 82' lang='lat' dir='ltr'><em>versibus</em></span> <span class='ocrx_word' id='word_1_122' title='bbox 602 2319 673 2382; x_wconf 83' lang='lat'>181.</span> <span class='ocrx_word' id='word_1_123' title='bbox 700 2321 718 2380; x_wconf 86' lang='lat'><strong>2</strong></span> <span class='ocrx_word' id='word_1_124' title='bbox 742 2317 943 2400; x_wconf 69' lang='lat' dir='ltr'><em>adiungunt?</em></span> <span class='ocrx_word' id='word_1_125' title='bbox 964 2355 1007 2364; x_wconf 91' lang='lat'><em>-</em></span> 
     </span>
     <span class='ocr_line' id='line_1_20' title="bbox 419 2419 1474 2506; baseline 0 -21"><span class='ocrx_word' id='word_1_126' title='bbox 419 2419 626 2487; x_wconf 85' lang='lat' dir='ltr'><em>Memorabile</em></span> <span class='ocrx_word' id='word_1_127' title='bbox 666 2421 903 2506; x_wconf 68' lang='lat' dir='ltr'><em>interpolatoris</em></span> <span class='ocrx_word' id='word_1_128' title='bbox 942 2441 1060 2505; x_wconf 86' lang='lat' dir='ltr'><em>operae</em></span> <span class='ocrx_word' id='word_1_129' title='bbox 1099 2421 1281 2504; x_wconf 84' lang='lat' dir='ltr'><em>exemplum</em></span> <span class='ocrx_word' id='word_1_130' title='bbox 1318 2421 1474 2504; x_wconf 86' lang='lat' dir='ltr'><em>praebent</em></span> 
     </span>
     <span class='ocr_line' id='line_1_21' title="bbox 332 2542 445 2589; baseline 0.009 -2"><span class='ocrx_word' id='word_1_131' title='bbox 332 2542 445 2589; x_wconf 83' lang='lat' dir='ltr'><em>versuo</em></span> 
     </span>
     <span class='ocr_line' id='line_1_22' title="bbox 794 2627 1004 2708; baseline -0.005 -17"><span class='ocrx_word' id='word_1_132' title='bbox 794 2627 832 2708; x_wconf 85' lang='lat' dir='ltr'><em>v,</em></span> <span class='ocrx_word' id='word_1_133' title='bbox 860 2629 1004 2691; x_wconf 78' lang='lat' dir='ltr'><em>rra-31</em></span> 
     </span>
     <span class='ocr_line' id='line_1_23' title="bbox 395 2717 1376 2814; baseline -0.006 -22"><span class='ocrx_word' id='word_1_134' title='bbox 395 2729 553 2813; x_wconf 76' lang='lat' dir='ltr'><em>(tre-22</em></span> <span class='ocrx_word' id='word_1_135' title='bbox 576 2756 618 2784; x_wconf 49' lang='grc' dir='ltr'><strong>Ξ</strong></span> <span class='ocrx_word' id='word_1_136' title='bbox 639 2731 665 2810; x_wconf 87' lang='lat'><em>1,</em></span> <span class='ocrx_word' id='word_1_137' title='bbox 696 2730 887 2814; x_wconf 55' lang='lat' dir='ltr'><em>rore-(ip¹</em></span> <span class='ocrx_word' id='word_1_138' title='bbox 920 2733 1048 2794; x_wconf 77' lang='lat' dir='ltr'><em>raa-o</em></span> <span class='ocrx_word' id='word_1_139' title='bbox 1071 2717 1113 2786; x_wconf 53' lang='grc' dir='ltr'><em>ὲ-ι-</em></span> <span class='ocrx_word' id='word_1_140' title='bbox 1134 2730 1173 2805; x_wconf 89' lang='lat' dir='ltr'><em>v,</em></span> <span class='ocrx_word' id='word_1_141' title='bbox 1204 2731 1376 2808; x_wconf 66' lang='lat' dir='ltr'><em>rer-913,</em></span> 
     </span>
     <span class='ocr_line' id='line_1_24' title="bbox 493 2833 1303 2914; baseline 0.002 -20"><span class='ocrx_word' id='word_1_142' title='bbox 493 2834 555 2896; x_wconf 80' lang='lat' dir='ltr'><em>ras</em></span> <span class='ocrx_word' id='word_1_143' title='bbox 572 2853 621 2888; x_wconf 55' lang='grc' dir='ltr'><em>-ε</em></span> <span class='ocrx_word' id='word_1_144' title='bbox 643 2833 669 2914; x_wconf 88' lang='lat'><em>1,</em></span> <span class='ocrx_word' id='word_1_145' title='bbox 698 2836 796 2911; x_wconf 65' lang='lat' dir='ltr'><em>rore</em></span> <span class='ocrx_word' id='word_1_146' title='bbox 824 2836 970 2897; x_wconf 76' lang='lat' dir='ltr'><em>raa-31</em></span> <span class='ocrx_word' id='word_1_147' title='bbox 997 2863 1040 2888; x_wconf 85' lang='lat'>=</span> <span class='ocrx_word' id='word_1_148' title='bbox 1061 2833 1105 2909; x_wconf 91' lang='lat'><em>11,</em></span> <span class='ocrx_word' id='word_1_149' title='bbox 1133 2834 1303 2914; x_wconf 73' lang='lat' dir='ltr'><em>rost-3.)</em></span> 
     </span>
     <span class='ocr_line' id='line_1_25' title="bbox 331 2933 1472 3018; baseline -0.002 -18"><span class='ocrx_word' id='word_1_150' title='bbox 331 2933 418 3012; x_wconf 79' lang='lat' dir='ltr'><em>Quos</em></span> <span class='ocrx_word' id='word_1_151' title='bbox 449 2936 534 3001; x_wconf 89' lang='lat' dir='ltr'><em>male</em></span> <span class='ocrx_word' id='word_1_152' title='bbox 561 2942 725 3001; x_wconf 81' lang='lat' dir='ltr'><em>consartos</em></span> <span class='ocrx_word' id='word_1_153' title='bbox 754 2955 826 3001; x_wconf 85' lang='lat' dir='ltr'><em>esse</em></span> <span class='ocrx_word' id='word_1_154' title='bbox 860 2936 940 3000; x_wconf 89' lang='lat' dir='ltr'>nihil</span> <span class='ocrx_word' id='word_1_155' title='bbox 968 2935 1084 3001; x_wconf 85' lang='lat' dir='ltr'><em>clarius</em></span> <span class='ocrx_word' id='word_1_156' title='bbox 1112 2934 1234 3000; x_wconf 86' lang='lat' dir='ltr'><em>indicat</em></span> <span class='ocrx_word' id='word_1_157' title='bbox 1263 2955 1357 3017; x_wconf 90' lang='lat' dir='ltr'><em>quam</em></span> <span class='ocrx_word' id='word_1_158' title='bbox 1387 2935 1472 3018; x_wconf 90' lang='lat' dir='ltr'><em>quod</em></span> 
     </span>
     <span class='ocr_line' id='line_1_26' title="bbox 325 3037 1467 3128; baseline 0.002 -28"><span class='ocrx_word' id='word_1_159' title='bbox 325 3037 506 3119; x_wconf 76' lang='lat' dir='ltr'><em>primordia</em></span> <span class='ocrx_word' id='word_1_160' title='bbox 535 3060 640 3101; x_wconf 85' lang='lat' dir='ltr'><em>rerum</em></span> <span class='ocrx_word' id='word_1_161' title='bbox 669 3037 702 3102; x_wconf 89' lang='lat' dir='ltr'><em>in</em></span> <span class='ocrx_word' id='word_1_162' title='bbox 730 3057 825 3104; x_wconf 86' lang='lat' dir='ltr'><em>versu</em></span> <span class='ocrx_word' id='word_1_163' title='bbox 853 3041 915 3101; x_wconf 80' lang='grc'><em>422</em></span> <span class='ocrx_word' id='word_1_164' title='bbox 944 3057 1076 3122; x_wconf 82' lang='lat' dir='ltr'><em>prorsus</em></span> <span class='ocrx_word' id='word_1_165' title='bbox 1107 3057 1381 3128; x_wconf 79' lang='lat' dir='ltr'><em>supervacaneum</em></span> <span class='ocrx_word' id='word_1_166' title='bbox 1408 3045 1467 3116; x_wconf 82' lang='lat' dir='ltr'><em>est,</em></span> 
     </span>
     <span class='ocr_line' id='line_1_27' title="bbox 326 3132 1471 3225; baseline -0.001 -20"><span class='ocrx_word' id='word_1_167' title='bbox 326 3161 402 3205; x_wconf 82' lang='lat' dir='ltr'><em>oum</em></span> <span class='ocrx_word' id='word_1_168' title='bbox 429 3141 463 3206; x_wconf 87' lang='lat' dir='ltr'><em>in</em></span> <span class='ocrx_word' id='word_1_169' title='bbox 494 3139 659 3208; x_wconf 85' lang='lat' dir='ltr'><em>enuntiato</em></span> <span class='ocrx_word' id='word_1_170' title='bbox 690 3141 831 3222; x_wconf 83' lang='lat' dir='ltr'><em>causali,</em></span> <span class='ocrx_word' id='word_1_171' title='bbox 869 3132 954 3224; x_wconf 88' lang='lat' dir='ltr'><em>quod</em></span> <span class='ocrx_word' id='word_1_172' title='bbox 988 3163 1008 3207; x_wconf 89' lang='lat' dir='ltr'><em>a</em></span> <span class='ocrx_word' id='word_1_173' title='bbox 1037 3143 1094 3205; x_wconf 88' lang='lat' dir='ltr'><em>sed</em></span> <span class='ocrx_word' id='word_1_174' title='bbox 1120 3141 1193 3225; x_wconf 80' lang='lat' dir='ltr'><em>qcu&#39;c</em></span> <span class='ocrx_word' id='word_1_175' title='bbox 1216 3140 1348 3225; x_wconf 88' lang='lat' dir='ltr'><em>incipit,</em></span> <span class='ocrx_word' id='word_1_176' title='bbox 1385 3141 1471 3206; x_wconf 89' lang='lat' dir='ltr'><em>idem</em></span> 
     </span>
     <span class='ocr_line' id='line_1_28' title="bbox 330 3242 1472 3327; baseline -0.002 -19"><span class='ocrx_word' id='word_1_177' title='bbox 330 3243 507 3308; x_wconf 82' lang='lat' dir='ltr'><em>subiectum</em></span> <span class='ocrx_word' id='word_1_178' title='bbox 531 3244 712 3327; x_wconf 80' lang='lat' dir='ltr'><em>primordia</em></span> <span class='ocrx_word' id='word_1_179' title='bbox 738 3267 844 3308; x_wconf 83' lang='lat' dir='ltr'><em>rerum</em></span> <span class='ocrx_word' id='word_1_180' title='bbox 874 3255 923 3322; x_wconf 79' lang='lat' dir='ltr'><em>est</em></span> <span class='ocrx_word' id='word_1_181' title='bbox 956 3252 1051 3326; x_wconf 88' lang='lat' dir='ltr'><em>atque</em></span> <span class='ocrx_word' id='word_1_182' title='bbox 1079 3244 1113 3309; x_wconf 89' lang='lat' dir='ltr'><em>in</em></span> <span class='ocrx_word' id='word_1_183' title='bbox 1137 3247 1298 3309; x_wconf 86' lang='lat' dir='ltr'><em>enuntiato</em></span> <span class='ocrx_word' id='word_1_184' title='bbox 1321 3242 1472 3326; x_wconf 86' lang='lat' dir='ltr'><em>primario</em></span> 
     </span>
     <span class='ocr_line' id='line_1_29' title="bbox 334 3345 1473 3432; baseline -0.001 -22"><span class='ocrx_word' id='word_1_185' title='bbox 334 3349 407 3429; x_wconf 70' lang='lat'><em>(⁴19</em></span> <span class='ocrx_word' id='word_1_186' title='bbox 428 3350 527 3432; x_wconf 69' lang='lat' dir='ltr'><em>squ).</em></span> <span class='ocrx_word' id='word_1_187' title='bbox 575 3348 625 3412; x_wconf 84' lang='lat' dir='ltr'><em>Ab</em></span> <span class='ocrx_word' id='word_1_188' title='bbox 652 3347 745 3412; x_wconf 88' lang='lat' dir='ltr'><em>initio</em></span> <span class='ocrx_word' id='word_1_189' title='bbox 774 3367 848 3414; x_wconf 88' lang='lat' dir='ltr'><em>vero</em></span> <span class='ocrx_word' id='word_1_190' title='bbox 878 3366 933 3414; x_wconf 83' lang='lat' dir='ltr'><em>eos</em></span> <span class='ocrx_word' id='word_1_191' title='bbox 961 3347 1013 3412; x_wconf 90' lang='lat' dir='ltr'><em>bic</em></span> <span class='ocrx_word' id='word_1_192' title='bbox 1041 3367 1105 3412; x_wconf 90' lang='lat' dir='ltr'><em>non</em></span> <span class='ocrx_word' id='word_1_193' title='bbox 1127 3345 1228 3411; x_wconf 81' lang='lat' dir='ltr'><em>tuisse</em></span> <span class='ocrx_word' id='word_1_194' title='bbox 1251 3365 1292 3410; x_wconf 87' lang='lat' dir='ltr'><em>ex</em></span> <span class='ocrx_word' id='word_1_195' title='bbox 1314 3345 1473 3429; x_wconf 86' lang='lat' dir='ltr'><em>particula</em></span> 
     </span>
     <span class='ocr_line' id='line_1_30' title="bbox 330 3448 1471 3532; baseline 0 -20"><span class='ocrx_word' id='word_1_196' title='bbox 330 3459 393 3512; x_wconf 84' lang='lat' dir='ltr'><em>tum</em></span> <span class='ocrx_word' id='word_1_197' title='bbox 414 3449 447 3514; x_wconf 92' lang='lat' dir='ltr'><em>in</em></span> <span class='ocrx_word' id='word_1_198' title='bbox 472 3470 568 3516; x_wconf 83' lang='lat' dir='ltr'><em>versu</em></span> <span class='ocrx_word' id='word_1_199' title='bbox 592 3453 653 3513; x_wconf 71' lang='grc'><em>432</em></span> <span class='ocrx_word' id='word_1_200' title='bbox 670 3449 820 3516; x_wconf 87' lang='lat' dir='ltr'><em>cernitur.</em></span> <span class='ocrx_word' id='word_1_201' title='bbox 862 3449 952 3528; x_wconf 80' lang='lat' dir='ltr'><em>Quae</em></span> <span class='ocrx_word' id='word_1_202' title='bbox 975 3469 1036 3532; x_wconf 90' lang='lat' dir='ltr'><em>quo</em></span> <span class='ocrx_word' id='word_1_203' title='bbox 1060 3450 1101 3515; x_wconf 85' lang='lat' dir='ltr'><em>sit</em></span> <span class='ocrx_word' id='word_1_204' title='bbox 1123 3449 1303 3530; x_wconf 86' lang='lat' dir='ltr'><em>referenda,</em></span> <span class='ocrx_word' id='word_1_205' title='bbox 1329 3448 1374 3513; x_wconf 87' lang='lat' dir='ltr'><em>ita</em></span> <span class='ocrx_word' id='word_1_206' title='bbox 1397 3455 1471 3512; x_wconf 88' lang='lat' dir='ltr'><em>tan-</em></span> 
     </span>
     <span class='ocr_line' id='line_1_31' title="bbox 329 3550 1471 3644; baseline -0.002 -28"><span class='ocrx_word' id='word_1_207' title='bbox 329 3560 394 3617; x_wconf 88' lang='lat' dir='ltr'><em>tum</em></span> <span class='ocrx_word' id='word_1_208' title='bbox 423 3552 632 3636; x_wconf 86' lang='lat' dir='ltr'><em>intellegitur,</em></span> <span class='ocrx_word' id='word_1_209' title='bbox 664 3553 692 3618; x_wconf 88' lang='lat' dir='ltr'><em>si</em></span> <span class='ocrx_word' id='word_1_210' title='bbox 724 3556 870 3617; x_wconf 75' lang='lat' dir='ltr'><em>tre-31</em></span> <span class='ocrx_word' id='word_1_211' title='bbox 903 3553 1105 3618; x_wconf 70' lang='lat' dir='ltr'><em>secludimus</em></span> <span class='ocrx_word' id='word_1_212' title='bbox 1159 3552 1243 3616; x_wconf 88' lang='lat' dir='ltr'><em>Nam</em></span> <span class='ocrx_word' id='word_1_213' title='bbox 1274 3551 1344 3618; x_wconf 85' lang='lat' dir='ltr'><em>sine</em></span> <span class='ocrx_word' id='word_1_214' title='bbox 1373 3550 1471 3644; x_wconf 83' lang='lat' dir='ltr'><em>dubio</em></span> 
     </span>
     <span class='ocr_line' id='line_1_32' title="bbox 328 3653 1469 3740; baseline -0.004 -20"><span class='ocrx_word' id='word_1_215' title='bbox 328 3655 467 3740; x_wconf 80' lang='lat' dir='ltr'><em>pertinet</em></span> <span class='ocrx_word' id='word_1_216' title='bbox 489 3655 532 3720; x_wconf 88' lang='lat' dir='ltr'><em>ad</em></span> <span class='ocrx_word' id='word_1_217' title='bbox 554 3655 653 3721; x_wconf 85' lang='lat' dir='ltr'><em>verba</em></span> <span class='ocrx_word' id='word_1_218' title='bbox 674 3656 728 3720; x_wconf 81' lang='lat' dir='ltr'><em>r&#39;lle</em></span> <span class='ocrx_word' id='word_1_219' title='bbox 751 3656 905 3720; x_wconf 72' lang='lat' dir='ltr'><em>coraustus</em></span> <span class='ocrx_word' id='word_1_220' title='bbox 924 3655 1073 3720; x_wconf 77' lang='lat' dir='ltr'><em>materiai</em></span> <span class='ocrx_word' id='word_1_221' title='bbox 1092 3654 1125 3720; x_wconf 90' lang='lat' dir='ltr'><em>in</em></span> <span class='ocrx_word' id='word_1_222' title='bbox 1141 3657 1215 3718; x_wconf 74' lang='lat' dir='ltr'><em>tte.</em></span> <span class='ocrx_word' id='word_1_223' title='bbox 1255 3653 1368 3736; x_wconf 81' lang='lat' dir='ltr'><em>Neque</em></span> <span class='ocrx_word' id='word_1_224' title='bbox 1385 3653 1469 3719; x_wconf 86' lang='lat' dir='ltr'><em>enim</em></span> 
     </span>
     <span class='ocr_line' id='line_1_33' title="bbox 327 3759 1082 3843; baseline -0.003 -19"><span class='ocrx_word' id='word_1_225' title='bbox 327 3759 424 3824; x_wconf 85' lang='lat' dir='ltr'><em>adid</em></span> <span class='ocrx_word' id='word_1_226' title='bbox 448 3766 573 3843; x_wconf 84' lang='lat' dir='ltr'><em>tempus</em></span> <span class='ocrx_word' id='word_1_227' title='bbox 596 3765 702 3842; x_wconf 87' lang='lat' dir='ltr'><em>potest</em></span> <span class='ocrx_word' id='word_1_228' title='bbox 724 3759 846 3840; x_wconf 83' lang='lat' dir='ltr'><em>referri,</em></span> <span class='ocrx_word' id='word_1_229' title='bbox 872 3779 934 3842; x_wconf 90' lang='lat' dir='ltr'><em>quo</em></span> <span class='ocrx_word' id='word_1_230' title='bbox 958 3759 1082 3824; x_wconf 85' lang='lat' dir='ltr'><em>semina</em></span> 
     </span>
     <span class='ocr_line' id='line_1_34' title="bbox 884 3870 1177 3944; baseline -0.003 -19"><span class='ocrx_word' id='word_1_231' title='bbox 884 3870 1030 3925; x_wconf 83' lang='lat' dir='ltr'><em>conuecto</em></span> <span class='ocrx_word' id='word_1_232' title='bbox 1052 3870 1177 3944; x_wconf 84' lang='lat' dir='ltr'><em>repeute</em></span> 
     </span>
     <span class='ocr_line' id='line_1_35' title="bbox 509 3964 1229 4049; baseline -0.003 -21"><span class='ocrx_word' id='word_1_233' title='bbox 509 3987 695 4049; x_wconf 74' lang='lat' dir='ltr'><em>mopuururu</em></span> <span class='ocrx_word' id='word_1_234' title='bbox 718 3986 823 4028; x_wconf 86' lang='lat' dir='ltr'><em>reruru</em></span> <span class='ocrx_word' id='word_1_235' title='bbox 832 3964 923 4048; x_wconf 87' lang='lat' dir='ltr'><em>fiuut</em></span> <span class='ocrx_word' id='word_1_236' title='bbox 946 3965 1076 4028; x_wconf 81' lang='lat' dir='ltr'><em>cuorde&#39;u</em></span> <span class='ocrx_word' id='word_1_237' title='bbox 1098 3985 1229 4047; x_wconf 85' lang='lat' dir='ltr'><em>semper,</em></span> 
     </span>
     <span class='ocr_line' id='line_1_36' title="bbox 509 4067 1304 4152; baseline -0.005 -20"><span class='ocrx_word' id='word_1_238' title='bbox 509 4068 608 4132; x_wconf 79' lang='lat' dir='ltr'><em>terrui</em></span> <span class='ocrx_word' id='word_1_239' title='bbox 628 4067 726 4132; x_wconf 73' lang='lat' dir='ltr'><em>meris</em></span> <span class='ocrx_word' id='word_1_240' title='bbox 748 4076 779 4131; x_wconf 92' lang='lat' dir='ltr'><em>et</em></span> <span class='ocrx_word' id='word_1_241' title='bbox 802 4067 884 4131; x_wconf 82' lang='lat' dir='ltr'><em>cuelr&#39;</em></span> <span class='ocrx_word' id='word_1_242' title='bbox 902 4068 1085 4152; x_wconf 70' lang='lat' dir='ltr'><em>peuerr&#39;sque</em></span> <span class='ocrx_word' id='word_1_243' title='bbox 1100 4067 1304 4144; x_wconf 64' lang='lat' dir='ltr'><em>aucmentum,</em></span> 
     </span>
    </p>
   </div>
   <div class='ocr_carea' id='block_1_3' title="bbox 325 4166 1472 4354">
    <p class='ocr_par' dir='ltr' id='par_1_3' title="bbox 325 4166 1472 4354">
     <span class='ocr_line' id='line_1_37' title="bbox 325 4166 1472 4256; baseline -0.006 -21"><span class='ocrx_word' id='word_1_244' title='bbox 325 4171 443 4256; x_wconf 88' lang='lat' dir='ltr'><em>quippe</em></span> <span class='ocrx_word' id='word_1_245' title='bbox 473 4192 535 4254; x_wconf 91' lang='lat' dir='ltr'><em>quo</em></span> <span class='ocrx_word' id='word_1_246' title='bbox 559 4178 712 4254; x_wconf 86' lang='lat' dir='ltr'><em>tempore,</em></span> <span class='ocrx_word' id='word_1_247' title='bbox 739 4170 851 4235; x_wconf 85' lang='lat' dir='ltr'><em>sinon</em></span> <span class='ocrx_word' id='word_1_248' title='bbox 874 4170 946 4254; x_wconf 87' lang='lat' dir='ltr'><em>ipsa</em></span> <span class='ocrx_word' id='word_1_249' title='bbox 969 4169 1044 4233; x_wconf 79' lang='lat' dir='ltr'><em>solis</em></span> <span class='ocrx_word' id='word_1_250' title='bbox 1066 4178 1139 4233; x_wconf 83' lang='lat' dir='ltr'><em>rota</em></span> <span class='ocrx_word' id='word_1_251' title='bbox 1160 4192 1216 4232; x_wconf 87' lang='lat' dir='ltr'><em>uec</em></span> <span class='ocrx_word' id='word_1_252' title='bbox 1238 4167 1346 4252; x_wconf 80' lang='lat' dir='ltr'><em>urapur&#39;</em></span> <span class='ocrx_word' id='word_1_253' title='bbox 1366 4166 1472 4230; x_wconf 81' lang='lat' dir='ltr'><em>sidera</em></span> 
     </span>
     <span class='ocr_line' id='line_1_38' title="bbox 325 4268 1467 4354; baseline -0.005 -17"><span class='ocrx_word' id='word_1_254' title='bbox 325 4275 444 4353; x_wconf 81' lang='lat' dir='ltr'><em>muudi,</em></span> <span class='ocrx_word' id='word_1_255' title='bbox 473 4281 506 4339; x_wconf 83' lang='lat' dir='ltr'><em>at</em></span> <span class='ocrx_word' id='word_1_256' title='bbox 529 4281 614 4339; x_wconf 79' lang='lat' dir='ltr'><em>certe</em></span> <span class='ocrx_word' id='word_1_257' title='bbox 637 4273 749 4336; x_wconf 73' lang='lat' dir='ltr'><em>similos</em></span> <span class='ocrx_word' id='word_1_258' title='bbox 777 4272 890 4336; x_wconf 75' lang='lat' dir='ltr'><em>uostris</em></span> <span class='ocrx_word' id='word_1_259' title='bbox 920 4274 1011 4335; x_wconf 86' lang='lat' dir='ltr'><em>rebus</em></span> <span class='ocrx_word' id='word_1_260' title='bbox 1034 4295 1083 4336; x_wconf 90' lang='lat' dir='ltr'><em>res</em></span> <span class='ocrx_word' id='word_1_261' title='bbox 1106 4273 1172 4336; x_wconf 83' lang='lat' dir='ltr'><em>ulta</em></span> <span class='ocrx_word' id='word_1_262' title='bbox 1194 4271 1297 4335; x_wconf 71' lang='lat' dir='ltr'><em>cidere·</em></span> <span class='ocrx_word' id='word_1_263' title='bbox 1317 4268 1467 4354; x_wconf 81' lang='lat' dir='ltr'><em>potuerit.</em></span> 
     </span>
    </p>
   </div>
   <div class='ocr_carea' id='block_1_4' title="bbox 0 0 1660 5280">
    <p class='ocr_par' dir='ltr' id='par_1_4' title="bbox 0 0 1660 5280">
     <span class='ocr_line' id='line_1_39' title="bbox 0 0 1660 5280; baseline 0 4"><span class='ocrx_word' id='word_1_264' title='bbox 0 0 1660 5280; x_wconf 95' lang='lat' dir='ltr'><em> </em></span> 
     </span>
    </p>
   </div>
  </div>
 </body>
</html>
