3312 5280
622 435 837 516 ffu-

165 631 230 688 tum
254 624 397 690 efficiunt
425 622 491 704 (eir.
513 642 596 704 quae
619 621 659 686 de
682 620 729 685 eis
751 619 837 683 iufra
860 618 1046 701 disputavi),
1074 623 1116 697 et,
1142 624 1177 682 ut
1195 621 1236 679 54
1259 616 1302 680 ad

167 732 205 789 tt
229 727 436 809 adiungatur,
463 744 558 789 sensu
580 723 757 806 flagitatur.
803 721 927 786 Deinde
950 720 1049 785 verba

278 830 335 892 sed
355 827 501 912 quonium
524 827 617 889 docui
638 833 821 888 coactorum
844 823 974 886 exordia
996 844 1101 884 rerurro
1131 830 1192 885 ete.¹

164 932 204 996 ab
227 913 275 1012 eo,
303 932 356 1013 qui
380 951 419 996 ea
441 949 481 994 ex
503 929 596 1006 tertio
618 929 699 992 libro
722 927 862 1011 repetiit,
896 947 960 990 nou
989 931 1124 1009 possunt
1153 925 1216 988 nisi
1245 931 1302 988 aut

163 1035 238 1100 ante
261 1037 301 1098 26
325 1033 431 1118 posita
455 1051 527 1098 esse
549 1039 606 1096 aut
628 1031 670 1096 ad
694 1033 820 1094 26-28
843 1029 1016 1112 adscripta.
1057 1028 1169 1110 Neque
1192 1034 1300 1092 tamen

164 1157 183 1201 a
205 1143 301 1221 poeta
322 1137 394 1221 ipso
416 1135 554 1219 repetita
569 1141 652 1216 sunt,
679 1134 713 1198 id
734 1133 819 1216 quod
841 1131 1072 1198 demonstravit
1087 1130 1300 1196 Susemihlius

169 1239 291 1322 {Philol
317 1239 441 1320 XXIX,
469 1240 542 1312 419,
570 1239 615 1319 3),
641 1254 745 1318 neque
768 1237 809 1300 ab
833 1255 881 1315 eo,
906 1234 960 1316 qui
983 1233 1181 1318 prooemium
1203 1253 1301 1316 prae-

165 1341 251 1422 fixit,
286 1342 405 1424 quippe
435 1361 455 1404 a
484 1360 544 1422 quo
567 1359 681 1404 versus
704 1343 744 1402 25
775 1359 813 1403 eo
841 1344 965 1402 tantum
996 1337 1128 1402 oonsilio
1159 1343 1301 1401 mutatus

164 1444 217 1520 sit,
235 1463 275 1508 ne
298 1443 348 1507 bis
370 1443 404 1506 in
427 1443 528 1506 tribus
544 1441 689 1506 versibus
706 1449 830 1524 compto
844 1441 1016 1523 legeretur.
1057 1439 1169 1522 Neque
1185 1438 1300 1503 verisi-

164 1547 240 1611 mile
263 1551 312 1610 est
335 1547 487 1610 leotorem
510 1545 602 1608 illum
625 1543 852 1628 philosophum
875 1563 915 1608 ea
936 1531 1113 1622 addidisse,
1141 1563 1213 1607 oum
1236 1561 1301 1606 non

164 1649 276 1715 eadem
300 1649 460 1713 sententia
483 1648 530 1712 eis
555 1648 751 1730 exprimatur
773 1653 870 1728 atque
892 1647 1040 1711 versibus

219 1734 222 1738 A
317 1759 411 1835 atque
434 1751 533 1814 animi
554 1751 699 1834 quoniam
723 1751 816 1814 docui
836 1758 952 1813 reaturo
974 1749 1053 1833 qaid
1073 1759 1152 1813 esset

314 1853 478 1937 atquibus
501 1877 517 1916 e
539 1855 631 1916 redas
654 1875 723 1915 oum
746 1875 875 1934 corpore
898 1860 1022 1934 compto
1045 1852 1162 1936 uiperet

313 1979 410 2040 quone
432 1957 522 2018 ruodo
546 1956 701 2018 distractu
723 1956 842 2019 rediret
863 1955 896 2017 iro
919 1955 1009 2031 ordio
1025 1955 1144 2038 primo.

164 2057 296 2123 sivero
319 2059 390 2124 eius
413 2059 567 2123 intererat
589 2059 820 2137 demonstrare,
847 2058 958 2122 eadem
981 2057 1050 2123 fere
1065 2059 1189 2122 ratione
1205 2057 1301 2122 huius

162 2144 1309 2245 mmmmfflmmmmmmmn

162 2264 283 2330 monuit
304 2264 391 2328 idem
407 2264 629 2341 Susernihliusl
649 2284 713 2328 non
735 2269 891 2330 mutasset
911 2264 992 2328 illud
1015 2274 1052 2328 et
1074 2264 1222 2348 quoniam
1243 2267 1301 2328 do-

162 2363 222 2444 eoi,
250 2366 335 2446 quod
349 2365 416 2430 illie
431 2374 489 2447 est,
515 2367 548 2430 in
571 2368 642 2430 sed
662 2367 808 2450 quoniam
824 2366 924 2429 docui.
971 2367 1084 2449 Itaque
1108 2367 1135 2432 si
1150 2386 1213 2432 non
1229 2387 1301 2433 oer-

161 2477 240 2547 tum,
267 2474 306 2533 at.
322 2469 607 2535 verisimillimum
631 2477 680 2534 est
702 2469 745 2534 ad
769 2469 1030 2552 interpolatorem
1051 2469 1110 2533 illa
1130 2470 1303 2536 referenda

161 2591 245 2637 esse.
293 2574 398 2654 Atque
428 2573 456 2636 si
484 2571 543 2637 hoo
566 2572 725 2656 ponimus,
753 2572 875 2636 clarum
898 2577 961 2653 est,
988 2591 1044 2636 eur
1064 2573 1146 2636 illud
1169 2582 1199 2637 et
1221 2597 1300 2658 qoo-

160 2674 247 2736 rr'om
270 2675 363 2737 docui
383 2681 538 2739 mutatum
562 2675 617 2754 sit,
646 2695 718 2740 oum
739 2674 845 2738 minus
867 2675 1000 2756 elegans
1023 2673 1185 2740 videretur

316 2785 356 2840 et
378 2777 526 2861 quonium
548 2778 640 2840 docui
661 2786 844 2841 coactorum
867 2777 996 2840 exordio
1017 2797 1123 2840 rerum

316 2989 439 3066 atque
461 2981 562 3044 animi
582 2981 728 3064 quoniam
751 2981 845 3044 docui
865 2989 982 3044 natura
1004 2981 1082 3065 quid
1102 2991 1180 3045 esset

317 3091 354 3145 et
377 3083 488 3167 quibos
510 3106 526 3146 e
548 3085 639 3146 rebus
661 3105 731 3146 erim
754 3106 883 3166 corpore
906 3092 1029 3166 compta
1052 3084 1180 3170 uiperet.

160 3182 332 3264 Reliquum
356 3192 415 3264 est,
442 3191 477 3249 ut
499 3185 539 3250 de
562 3185 707 3250 versibus

268 3309 348 3370 quoe
370 3289 679 3370 praememorantur
702 3289 753 3351 nel
773 3297 879 3351 certer:
901 3289 1158 3370 nominitoodost,

268 3392 352 3472 quod
371 3389 504 3472 speeiem
527 3414 564 3454 ue
576 3393 725 3476 formam
746 3391 879 3454 similem
899 3392 983 3476 perit
1004 3392 1070 3455 eius
1092 3390 1208 3475 imaqo,

268 3494 487 3577 cuiuscumque
509 3494 593 3557 eluet
614 3495 652 3557 de
675 3517 804 3577 corpore
816 3496 901 3579 fuso
923 3495 1037 3579 vapori

158 3613 304 3676 agamus.
353 3593 416 3672 Qui
438 3615 543 3677 neque
565 3617 623 3680 per
646 3617 681 3661 se
704 3604 839 3680 possunt
861 3598 1111 3662 enuntiationem
1131 3599 1298 3664 relativam

158 3695 302 3778 efficere,
330 3717 401 3761 eum
423 3697 492 3762 fieri
514 3705 672 3780 nequeat,
701 3707 735 3764 ut
757 3699 800 3763 ad
829 3721 908 3782 qaue
937 3699 1114 3783 praedicati
1144 3701 1212 3765 loeo
1243 3724 1301 3764 oo-

159 3799 368 3864 mioitortdast
389 3801 556 3878 referatur,
581 3802 829 3870 neesimulaera
845 3802 938 3886 quusi
950 3803 1157 3868 membranae
1173 3804 1301 3888 possint

157 3902 356 3979 nominatam
383 3924 488 3985 neque
512 3905 593 3968 sumi
615 3911 722 3988 potest
744 3925 798 3970 eos
821 3925 842 3968 a
863 3911 960 3988 poeta
981 3911 1054 3989 post
1076 3905 1149 3970 illos

248 4007 284 4067 31
311 4028 389 4089 quoe
412 4007 505 4090 quasi
524 4009 733 4086 membranae,
760 4029 877 4071 sommo
900 4010 939 4071 de
962 4031 1092 4092 corpore
1114 4031 1219 4072 rerum

309 4109 466 4191 dereptae,
493 4110 626 4173 uolitaret
647 4095 791 4194 ultroque
808 4110 952 4194 ¹citroque
969 4133 1032 4193 per
1054 4132 1149 4174 ouras

157 4207 279 4291 positos
291 4228 374 4291 esse,
385 4211 536 4292 quoniam
549 4211 766 4278 definitionem
779 4212 1019 4277 simulacrorum
1029 4213 1200 4290 continent,
1214 4233 1299 4294 quae

156 4311 224 4374 iam
247 4331 342 4377 versu
370 4315 407 4376 31
434 4313 511 4378 data
533 4323 612 4379 erat.
660 4314 768 4391 Quare
790 4315 870 4379 nihil
892 4323 1015 4380 restare
1030 4315 1158 4380 videtur
1180 4317 1242 4382 nisi
1265 4325 1302 4381 ut

1075 4437 1090 4485 2
