3312 5280
788 415 1003 474 ..14-

331 600 541 665 existimaret.
567 600 620 664 bic
642 607 749 664 tamen
773 619 844 664 cum
867 606 990 666 ceteros
1012 618 1142 680 versus,
1170 599 1283 680 quibus
1314 598 1355 663 de
1378 599 1466 664 caelo

329 711 490 787 ageretur,
515 724 578 768 non
601 710 664 768 tam
689 703 784 768 facile
807 703 849 768 ad
872 703 1011 768 animum
1025 701 1204 788 transferri
1226 721 1321 786 posse
1336 701 1465 766 intelle-

328 814 429 890 geret,
455 814 610 891 aooepto
633 805 865 882 transcribendi
888 807 997 872 labore
1019 827 1093 871 mox
1116 805 1264 870 destitit«.

675 911 729 990 IV,
759 912 830 972 102.
858 911 876 971 3
905 911 957 994 (=
980 913 1032 973 65.
1059 913 1088 986 6)

673 1012 711 1094 V,
742 1013 833 1075 1388.
861 1015 880 1074 9
911 1013 1080 1092 (=1454.
1107 1011 1136 1094 5)

328 1115 394 1179 Hos
417 1135 542 1198 quoque
564 1115 628 1178 iam
651 1114 877 1179 Lachmannus
901 1134 941 1178 ex
964 1119 1053 1178 textu
1077 1113 1221 1178 removit.

413 1219 485 1282 Duo
507 1224 628 1283 restant
650 1217 722 1298 loci,
749 1217 804 1298 qui
823 1216 866 1281 ad
885 1238 1016 1301 operam
1032 1217 1160 1282 lectoris
1184 1215 1364 1300 philosophi
1388 1216 1464 1281 illu-

328 1321 490 1386 strandam
514 1321 629 1386 summi
645 1321 796 1386 momenti
812 1321 886 1400 sint,
914 1341 985 1386 cum
1008 1320 1083 1385 inde
1107 1319 1283 1386 clarissime
1306 1327 1464 1404 appareat

328 1446 400 1490 eum
429 1425 663 1509 interpolandis
697 1424 843 1488 versibus
872 1443 936 1488 non
963 1423 1137 1489 studuisse.
1190 1425 1228 1487 In
1261 1423 1341 1488 libro
1364 1423 1464 1488 altero

329 1529 466 1612 legimus
490 1535 564 1612 post
586 1547 713 1592 versum
738 1530 820 1591 1018

505 1631 569 1694 -cic
592 1631 669 1714 iprsis
690 1631 724 1693 c'u
745 1631 837 1695 rebus
859 1631 934 1694 item
956 1631 1019 1694 ium
1042 1629 1190 1694 materiai

418 1736 498 1796 1020
522 1735 690 1798 intervallo
713 1733 780 1798 olus
802 1756 934 1798 conexus
951 1735 1098 1817 pondero
1116 1733 1231 1816 plupus
1241 1735 1262 1816 ¹)

527 1859 695 1901 concursus
717 1846 818 1902 motus
841 1839 917 1901 ordo
934 1838 1082 1921 positura
1099 1837 1231 1922 fipuuoe

526 1963 595 2004 cum
613 1949 846 2024 permutantur,
873 1942 993 2005 maturi
1012 1963 1063 2005 res
1086 1962 1205 2027 quoque
1229 1941 1350 2004 debent.

784 2046 864 2107 1020
889 2073 930 2098 =
955 2047 1028 2106 726.

413 2147 533 2212 Versus
563 2147 661 2230 igitur
687 2149 768 2210 1020
797 2147 831 2210 in
860 2146 945 2211 hunc
975 2147 1079 2212 locum
1108 2147 1317 2230 transcriptus
1348 2153 1397 2212 cst
1426 2166 1465 2210 ea

327 2250 514 2328 mutatione,
543 2270 607 2332 qua
634 2271 714 2333 opus
746 2257 831 2332 crat,
865 2250 893 2314 si
923 2251 1180 2334 interpolaretur,
1214 2270 1277 2314 non
1307 2249 1461 2330 adhibita,

326 2371 527 2436 quaequam
550 2353 655 2418 facilis
678 2353 783 2434 fuerit,
809 2353 923 2418 elucet.

389 2469 546 2540 'Accedit
567 2475 622 2540 ille
645 2475 750 2555 locus,
781 2494 874 2556 quem
896 2474 1067 2557 Briegerus
1093 2473 1199 2539 adhuc
1222 2475 1308 2538 solus
1331 2473 1373 2543 ad
1397 2474 1461 2537 leo-

326 2579 403 2643 toris
424 2577 606 2662 philosophi
630 2597 760 2662 operam
783 2577 906 2642 rettulit
926 2577 1092 2659 (Philolog.
1111 2579 1228 2659 XXIV,
1246 2579 1338 2658 lubi:

785 2681 827 2762 II,
855 2683 1001 2744 529-31

543 2785 693 2851 Versibus
716 2785 876 2847 ostendum
899 2785 1084 2867 corpuscula
1106 2784 1254 2849 materiai

536 2892 574 2951 ou
596 2888 717 2972 definito
740 2909 891 2951 summam
913 2909 1018 2950 rerum
1041 2910 1137 2972 usque
1160 2895 1275 2966 tenere,

534 2991 669 3074 undique
686 2991 812 3073 protelo
829 2991 1002 3074 ploporuuc
1024 2989 1214 3054 continuato.

327 3113 405 3176 quos
428 3114 468 3160 ex
490 3094 571 3158 libro
594 3093 696 3177 primo
717 3092 849 3159 iteratos
872 3112 945 3158 esse
968 3099 1055 3177 puto,
1082 3093 1167 3158 unde
1183 3093 1291 3160 nescio
1307 3114 1369 3178 quo
1385 3114 1463 3158 casu

327 3196 454 3280 depulsi
467 3204 551 3262 sunt.
578 3196 671 3273 Quod
682 3196 766 3261 infra
783 3199 847 3280 (pg.
859 3199 966 3281 itsq.)
983 3197 1135 3280 probabo.
1161 3198 1254 3263 Nunc
1266 3197 1327 3262 boc
1340 3203 1463 3262 tantum

327 3321 455 3366 moneo:
483 3301 510 3365 si
533 3301 747 3384 interpolandi
770 3299 875 3366 studio
899 3300 954 3364 ille
970 3299 1130 3365 adductus
1147 3307 1244 3377 esset,
1269 3307 1305 3365 ut
1319 3320 1375 3366 eos
1390 3321 1464 3366 ver-

327 3423 381 3468 sus
398 3403 459 3468 huc
474 3404 708 3484 transcriberet,
737 3403 825 3468 facili
849 3403 977 3486 negotio
999 3423 1072 3468 cam
1090 3403 1298 3472 mutationem
1319 3403 1459 3484 fecisset,

326 3527 422 3587 quam
452 3506 615 3572 Munroius
650 3527 722 3572 cum
752 3527 807 3572 eos
836 3507 870 3569 in
900 3506 959 3570 hoc
989 3513 1140 3582 contextu
1173 3507 1311 3572 retinere
1344 3507 1463 3572 frustra

326 3616 494 3674 conaretur
517 3609 699 3694 proposuit,
731 3615 766 3673 ut
796 3610 978 3672 osteudens
1006 3630 1063 3693 pro
1094 3610 1266 3673 ostendam
1295 3609 1459 3676 scriberet.

327 3713 446 3778 Contra
467 3713 523 3778 ille
546 3713 686 3794 quidem,
712 3733 785 3777 cum
807 3712 887 3777 nihil
909 3712 943 3776 in
965 3713 1071 3777 auimo
1094 3713 1236 3794 haberet,
1263 3712 1325 3778 nisi
1341 3719 1376 3776 ut
1391 3733 1462 3778 eum

327 3817 434 3881 locum
458 3816 663 3898 significaret,
689 3815 732 3880 ad
755 3835 850 3896 quem
875 3817 974 3880 verba
1001 3815 1037 3878 c'd
1057 3817 1142 3900 quod
1161 3839 1223 3878 aon
1245 3839 1310 3878 esse
1326 3816 1465 3899 probaui

331 3922 412 4004 (528)
441 3924 633 4003 spectarent,
659 3939 701 3983 ne
723 3918 830 3983 littera
853 3918 982 4000 quidem
1005 3925 1127 3984 mutata
1150 3939 1262 3984 versus
1285 3919 1405 3984 citavit.

412 4023 462 4086 Ex
484 4021 534 4086 bis
558 4021 714 4104 exemplis
736 4020 771 4084 id
794 4027 880 4086 certe
904 4021 1052 4086 effectum
1068 4020 1290 4104 videturesse,
1318 4021 1462 4107 ubicum-

326 4144 387 4207 que
403 4123 588 4189 iterationes
604 4130 740 4205 cxstent‚
760 4123 921 4206 inquibus
934 4122 1463 4208 Lucretianavcrbainterpolandi

385 4333 411 4396 ·¹)
434 4331 515 4385 codd.
532 4331 673 4402 plupttea
690 4345 741 4399 pro
754 4331 885 4401 plapaa.
