3312 5280
783 429 997 490 ..22-

800 616 875 678 dam
890 613 1048 698 perspicio
1070 635 1189 678 omnem

391 776 392 780 ,
478 727 626 784 acturam
648 741 764 795 reram,
790 739 853 802 quo
875 725 993 781 coactet
1014 725 1138 799 compto
1154 715 1275 800 figura

325 828 358 886 et
479 829 572 906 atque
594 821 694 886 ooc'mc'
713 821 859 905 quoniam
881 819 974 884 docui
993 827 1108 883 actura
1130 820 1207 903 qued
1226 827 1307 882 earet

479 933 510 988 ct
531 925 642 1010 quibas
663 949 680 988 c
702 926 793 989 rebus
816 947 886 988 cum
908 946 1038 1006 corpore
1060 931 1184 1005 compto
1206 923 1326 1005 ciperet

324 1047 360 1096 se
392 1027 626 1111 excipientibus
660 1027 831 1092 admodum
865 1026 946 1092 dura
980 1025 1155 1092 exstitisset
1187 1025 1336 1109 repetitio
1370 1026 1461 1090 verbi

325 1139 463 1214 compto,
494 1132 559 1196 illis
589 1131 701 1196 leviter
729 1130 859 1196 mutatis
887 1136 1001 1214 poetae
1029 1129 1213 1212 elegantiae
1243 1128 1322 1194 satis
1353 1127 1461 1194 facere

326 1234 386 1299 sibi
408 1235 498 1300 visus
521 1241 581 1300 cst.

412 1336 492 1402 Cum
514 1336 612 1418 igitur
634 1342 666 1401 et
687 1335 895 1400 Lucretianos
917 1353 1031 1400 versus
1054 1339 1213 1418 repeteret
1235 1339 1279 1412 et,
1303 1333 1358 1398 ubi
1382 1352 1461 1416 opus

326 1457 399 1504 csse
428 1439 605 1520 videbatur,
638 1459 679 1504 ex
708 1457 766 1503 suo
793 1438 924 1520 ingenio
957 1457 1062 1521 pauca
1093 1435 1244 1518 adderet,
1278 1435 1462 1502 emendavit

325 1540 427 1605 editor
450 1541 626 1606 carminum
649 1546 839 1606 contextum.
867 1575 910 1587 -

411 1745 463 1809 Ad
486 1744 621 1810 candem
644 1745 712 1810 eius
728 1765 868 1828 operam,
894 1744 957 1810 nisi
972 1743 1076 1824 fallor,
1103 1744 1184 1808 haec
1200 1744 1262 1809 tria
1277 1743 1395 1810 iterata
1409 1764 1461 1810 re-

327 1847 460 1914 ferenda
483 1855 568 1926 sunt,
593 1848 633 1913 dc
656 1847 771 1930 quibus
794 1867 879 1912 nunc
893 1867 998 1930 agam.
1039 1846 1179 1924 Quorum
1195 1846 1268 1928 duo,
1289 1867 1361 1912 cunr
1376 1846 1461 1912 inter

328 1969 362 2016 se
386 1950 450 2015 sint
473 1950 645 2029 simillima,
672 1969 735 2014 non
758 1949 868 2014 dubito
891 1949 946 2014 uni
968 1957 1001 2014 ct
1015 1949 1119 2014 cidem
1135 1949 1258 2040 auctori
1274 1947 1458 2032 adsignare.

413 2053 565 2136 Legimus
590 2053 675 2118 enim
697 2053 730 2118 in
752 2053 832 2117 libro
855 2042 995 2118 secundo
1017 2057 1090 2136 post
1112 2072 1240 2117 versum
1264 2055 1325 2115 477

437 2155 748 2240 quodquoniam
770 2155 1321 2238 docui,perpomcoaectere
1347 2177 1426 2218 rem

478 2281 577 2342 qaae

436 2383 481 2424 cc
503 2361 573 2424 hoc
596 2360 837 2446 optoft'dcm
860 2361 997 2441 ducet,
1018 2360 1253 2443 primordio
1276 2382 1409 2423 reram

435 2465 525 2528 cinito
548 2464 672 2528 coriaco
681 2464 867 2547 figurarem
889 2463 1020 2526 ratione.

329 2573 361 2634 ct
382 2570 480 2651 paulo
502 2575 576 2652 post
1003 2649 1005 2654 ,

394 2674 455 2734 522
479 2669 794 2755 quodquoniam
816 2669 945 2748 docui,
967 2677 1462 2753 perpamcoaectercrem

522 2796 622 2858 quoe

480 2898 524 2940 ec
544 2877 615 2940 hoc
630 2875 878 2960 aptest‘dem
896 2874 1287 2958 daecaprimordta
1307 2895 1459 2964 reram,

479 2979 561 3042 inter
583 3001 615 3042 se
637 2978 734 3041 simili
754 3000 832 3061 qaae
854 2986 928 3042 caat
944 2979 1092 3063 perfecto
1100 2977 1227 3061 sipara,

480 3081 604 3166 definito
627 3082 739 3144 cluere.

329 3183 486 3264 Plerique,
514 3183 568 3266 qui
590 3189 691 3248 artem
714 3182 855 3247 criticam
877 3181 911 3245 in
933 3179 1074 3249 Lucretii
1096 3180 1291 3246 carminibus
1310 3200 1463 3246 exercue-

330 3292 413 3366 runt,
441 3285 642 3350 offenderunt
664 3285 696 3350 in
711 3285 866 3350 ‚versibus
933 3305 935 3310 ’

438 3389 522 3473 qaod
543 3387 689 3470 pacatam
712 3387 812 3466 docui,
833 3407 967 3470 perquer
989 3392 1146 3448 conectere
1168 3406 1235 3448 rem
1257 3405 1335 3468 quae

438 3514 475 3554 ca
497 3490 554 3553 doe
577 3498 653 3572 opto
662 3489 767 3572 fldem
790 3491 893 3568 ducat,
915 3487 1096 3570 primordio
1117 3509 1222 3551 reram
1248 3565 1250 3570 Ι

330 3613 368 3660 ac
393 3614 500 3678 paene
522 3611 632 3658 omncs
663 3597 905 3670 consenserunt,
932 3590 1017 3672 quod
1038 3589 1118 3654 mihi
1140 3609 1267 3672 quoque
1296 3590 1459 3674 probatur,

329 3697 512 3764 Lucretium
542 3715 597 3762 eos
627 3702 693 3760 tam
721 3694 811 3760 brevi
839 3693 1008 3758 intervallo
1038 3699 1183 3776 repetere
1212 3713 1277 3757 non
1306 3693 1461 3776 potuisse.

246 3817 248 3824 ’
330 3801 432 3866 Nemo
462 3806 569 3866 tamen
606 3797 747 3862 animum
781 3795 958 3862 advertisse
986 3795 1112 3862 videtur
1140 3795 1296 3861 contineri
1324 3795 1371 3860 cis
1400 3816 1464 3861 uon

330 3903 427 3987 plane
449 3902 602 3968 usitatam
628 3899 825 3966 transitionis
855 3899 1039 3979 formulam,
1072 3919 1155 3980 quae
1183 3918 1246 3963 non
1276 3897 1308 3962 iu
1339 3917 1460 3980 omncs,

330 4005 383 4070 ubi
399 4004 441 4070 ad
461 4024 578 4070 novum
593 4002 715 4084 aliquid
731 4007 920 4081 transeatur,
940 4001 1026 4066 locos
1042 4000 1222 4066 conveniat.
1258 4001 1464 4066 Perrecturus

330 4108 503 4192 igiturest
531 4113 627 4191 poeta
655 4125 722 4171 rem
753 4110 933 4183 conectere,
967 4123 1049 4186 quae
1078 4123 1118 4168 ex
1147 4103 1223 4184 hoc,
1241 4103 1342 4185 'quod
1370 4103 1464 4168 modo

331 4211 454 4290 docuit,
492 4216 570 4294 apta
597 4209 691 4274 fidem
721 4207 826 4274 ducat.
880 4207 972 4284 Quod
1002 4207 1081 4272 nihil
1111 4205 1270 4289 significat
1298 4205 1362 4271 nisi
1390 4224 1464 4272 cam

331 4334 414 4394 rem,
449 4313 490 4378 ad
520 4331 616 4393 quam
646 4317 742 4395 poeta
771 4330 856 4375 nunc
885 4309 1105 4392 aggrediatur,
1144 4308 1306 4373 artissimo
1342 4327 1465 4374 conexu
