3312 5280
693 399 907 460 ...37-

317 583 432 664 Itaque
454 602 527 648 cum
550 603 610 650 nec
632 602 744 649 versus
775 587 912 648 tac-7
941 582 1130 650 aLucretic
1158 583 1269 666 scripti
1296 601 1368 648 esse

231 685 355 770 possint
376 684 410 750 in
426 684 487 751 hoc
502 686 583 752 libro
600 687 683 770 (III),
703 707 762 753 nec
780 705 892 752 versus
909 689 1013 751 abac
1030 686 1064 752 in
1079 706 1117 752 eo
1133 691 1293 767 contextu,
1313 684 1368 749 ubi

228 787 339 854 traditi
361 796 452 869 sunt,
478 790 548 872 apti
571 789 650 869 sint,
680 797 753 855 'cum
776 787 971 855 Susemihlic
1000 788 1124 872 (Philol.
1149 788 1284 870 XXVII,
1312 790 1362 870 tt)

230 892 366 958 arbitror
387 911 500 958 versus
524 894 676 957 787-9.
705 895 776 957 798.
805 895 824 956 9
853 891 1048 978 pertinuisse
1070 891 1112 956 ad
1135 911 1207 957 eam
1229 897 1364 975 partem,

230 1015 313 1077 quae
342 995 418 1062 inde
442 1017 463 1061 a
486 999 546 1060 615
578 994 701 1061 orditur
722 1015 827 1078 neque
850 996 997 1062 absoluta
1019 1003 1083 1070 est;
1116 995 1232 1060 deinde
1259 994 1368 1060 nescio

230 1119 292 1181 quo
316 1117 394 1164 casu
416 1119 437 1163 a
459 1118 516 1164 suo
544 1099 612 1164 loco
642 1099 804 1183 dispulsos
831 1119 920 1164 esse:
953 1099 1109 1164 editorem
1138 1105 1262 1176 autem,
1277 1105 1278 1108 ’
1296 1116 1367 1162 curn

230 1221 288 1286 per
321 1221 357 1267 se
392 1201 514 1286 positos
551 1221 606 1267 ecs
640 1221 754 1266 sanum
789 1220 920 1266 sensum
953 1221 1017 1266 non
1049 1201 1204 1284 praebere
1240 1198 1369 1264 intelle-

230 1312 336 1389 geret,
363 1303 528 1370 addidisse
556 1305 630 1370 illcs
660 1323 772 1370 versus
802 1324 843 1368 ex
871 1304 981 1388 quinto
1010 1303 1107 1383 libro,
1144 1310 1179 1368 ut
1208 1310 1369 1384 tamquam

232 1427 347 1472 novum
370 1407 574 1472 mortalitatis
597 1407 725 1472 animae
748 1413 970 1490 argumentum
1002 1405 1152 1472 efficeret.
1199 1405 1237 1470 In
1259 1404 1369 1486 quinto

233 1527 309 1574 vero
331 1509 413 1574 libro
436 1528 549 1574 versus
575 1512 700 1573 131-3
723 1510 808 1574 male
831 1509 936 1574 iterati
957 1516 1034 1574 sunt
1054 1529 1075 1573 a
1093 1507 1301 1592 grammatico
1317 1507 1369 1573 vel

232 1612 350 1676 lectore
372 1611 574 1696 philosopho,
600 1611 665 1694 qui,
692 1631 764 1676 cum
786 1611 843 1676 iile
864 1612 954 1677 locus
977 1631 1049 1677 cum
1072 1611 1156 1676 tertii
1178 1609 1251 1677 libri
1266 1609 1370 1675 versi-

232 1715 291 1780 bus
314 1717 453 1780 tac-6
476 1722 509 1781 et
533 1719 672 1780 tao-7
697 1723 902 1798 congrueret,
930 1715 1028 1781 etiam
1052 1718 1112 1781 787
1125 1718 1193 1779 -9
1222 1714 1366 1796 inseruit,

236 1828 325 1882 ratus
348 1817 486 1884 fortasse
509 1839 565 1884 eos
588 1818 669 1884 forte
691 1818 820 1884 icauna
843 1839 884 1884 ex
906 1825 996 1884 textu
1017 1819 1144 1883 ablatos
1166 1837 1247 1883 esse.
1274 1853 1317 1863 -

319 1954 446 2023 Deinde
468 1956 629 2039 agendum
653 1963 703 2022 est
725 1955 765 2022 de
788 1955 834 2021 eis
857 1955 1015 2028 versibus,
1042 1954 1096 2038 qui
1115 1955 1149 2019 in
1163 1955 1244 2021 libro
1260 1954 1370 2036 quinto
1401 1969 1404 1974 ’

232 2059 400 2142 leguntur:

578 2181 617 2259 v,
643 2183 804 2244 arr-so.
831 2182 1012 2244 rer-305.

292 2285 405 2365 irruo).
432 2284 494 2347 aar
511 2313 554 2340 =
569 2283 606 2362 v,
639 2284 738 2366 (aaa).
758 2285 835 2361 aaa
877 2283 1025 2348 aee-ra
1043 2311 1085 2338 =
1099 2281 1154 2362 vr,
1174 2282 1312 2365 cat-ar

320 2418 413 2485 Hunc
436 2419 541 2484 locum
564 2418 699 2484 forsitan
717 2419 818 2484 nimia
832 2419 970 2486 audacia
985 2425 1143 2486 tractasse
1158 2418 1285 2494 videar3
1313 2417 1370 2484 sed

233 2522 429 2605 argumentis
453 2523 555 2587 solum
579 2521 733 2588 confisum
756 2542 819 2588 non
840 2529 1047 2607 praesumpta
1061 2521 1201 2605 quadam
1217 2521 1257 2586 dc
1271 2521 1371 2588 itera-

232 2624 373 2690 tionibus
402 2623 553 2708 cpinicne
581 2624 711 2692 ductum
741 2645 793 2693 me
822 2625 906 2691 hanc
939 2625 1159 2706 quaestionem
1194 2623 1371 2692 instituisse

233 2727 398 2794 adsevero.

235 2950 508 3016 demonstraturus
532 2949 583 3029 sit,
610 2956 738 3033 poetam
760 2969 824 3016 non
847 2949 939 3031 fallit,

332 3091 372 3151 97
678 3110 773 3172 quam
795 3109 845 3151 rea
866 3110 947 3151 uoaa
968 3087 1111 3171 miraque
1133 3087 1231 3151 mereti

363 3201 369 3210 '
401 3189 525 3255 accidat
547 3190 718 3254 exitium
741 3190 851 3254 caeli
872 3198 1090 3276 terraeque
1102 3191 1267 3276 futurum,

402 3301 433 3357 et
456 3316 550 3378 quam
572 3293 705 3379 difficile
727 3293 785 3356 id.
808 3343 814 3356 .
839 3293 882 3357 ait
897 3292 1082 3376 peruincere
1104 3292 1218 3368 dictis,-

238 3415 278 3479 0b
303 3434 437 3496 eamque
459 3433 591 3480 causam
613 3413 647 3478 id
669 3421 745 3480 ante
768 3415 875 3479 omnia
898 3419 1033 3497 spectat,
1060 3419 1094 3478 ut
1116 3413 1198 3478 caeli
1222 3419 1253 3478 et
1268 3420 1372 3478 terrae

238 3517 369 3583 exitium
392 3513 488 3598 quam
511 3517 652 3582 maxime
675 3518 797 3600 probet.
844 3517 974 3597 Itaque,
1000 3516 1086 3597 quod
1107 3515 1243 3600 primum
1266 3515 1368 3594 affert,

238 3626 462 3704 argumentum
486 3619 553 3685 exit
575 3619 608 3683 in
632 3619 712 3684 haec
736 3618 847 3684 verba:

281 3758 342 3820 243
717 3781 719 3784 ·
817 3775 880 3838 qua
897 3762 1032 3837 propter
1053 3753 1191 3818 maxima
1212 3755 1323 3818 maadi

355 3880 425 3924 cum
448 3858 569 3922 uideam
591 3858 730 3922 membra
751 3880 789 3922 ac
808 3856 914 3939 partia
936 3864 1119 3940 cousumpta
1140 3856 1272 3940 requae,

357 3961 436 4025 aa're
459 3961 532 4026 licet
554 3961 665 4026 caeli
685 3947 841 4044 quoque
864 3960 960 4026 item
984 3959 1324 4044 terraequefuiase

352 4064 542 4147 principiale
564 4063 695 4148 aliquod
717 4071 837 4146 tempus
860 4064 1039 4146 clademque
1051 4065 1216 4148 futuram.

237 4192 269 4250 et
284 4205 304 4249 a
320 4188 379 4249 351
406 4185 535 4250 demum
562 4187 673 4268 (usque
688 4183 731 4248 ad
746 4185 818 4266 415)
846 4183 1081 4266 argumentatio
1103 4182 1145 4247 ad
1167 4189 1266 4248 totum
1282 4203 1374 4250 mun-

236 4287 313 4353 dum
335 4287 478 4372 respicit.
517 4289 556 4353 Iu
577 4286 727 4352 versibus
750 4289 899 4352 aar-50
922 4292 1030 4351 autem
1046 4285 1213 4351 Lucretius
1236 4305 1277 4352 ex
1298 4306 1374 4353 cou-
