3312 5280
798 403 1010 463 ..25-

336 609 451 672 genem
467 587 632 654 Laeuium
648 587 690 669 X,
710 591 763 650 41.
782 589 801 650 2
822 587 1034 670 intellegitur:
1060 588 1118 652 καὶ
1133 585 1199 674 μὴν
1211 589 1270 652 ταὶ
1283 594 1332 673 τῷ
1346 586 1475 676 πλήθει

336 697 402 756 τῶν
410 688 576 773 σωμάτων
582 687 728 776 ἄπειρόν
737 688 807 754 ἐστι
815 686 852 754 τὸ
862 697 933 754 πᾶν
940 690 997 753 καὶ
1009 696 1055 774 τῷ
1067 694 1207 774 μεγέθει
1215 697 1275 756 τοῦ
1281 698 1392 757 κενοῦ·
1407 691 1472 758 εἴτε

336 790 399 879 γὰρ
415 783 456 880 ἦν
472 789 508 858 τὸ
526 789 626 860 κενὸν
641 787 794 878 ἄπειρον,
814 788 856 856 τὰ
873 791 908 856 δὲ
921 789 1060 873 στύματα
1071 785 1251 877 ὡρισμένα,
1268 787 1420 875 οὐδαμοῦ
1432 789 1484 860 ἂν·

339 895 432 978 ’μενε
444 893 486 960 τὰ
499 893 648 979 σώματα,
660 889 730 960 ἀλλ’
742 894 883 981 ἐφέρετο
895 891 981 958 κατὰ
994 891 1030 959 τὸ
1045 889 1189 981 ἄπειρον
1198 892 1298 962 κενὸν
1309 896 1473 982 διεσπαρ-

335 1003 438 1082 μένα,
474 994 533 1064 οὐκ
564 997 685 1080 ἔχοντα
708 995 750 1062 τὰ
771 992 996 1084 ὑπερείδοντα
1018 999 1075 1062 καὶ
1099 999 1280 1064 στέλλοντα
1303 996 1389 1064 κατὰ
1412 997 1472 1076 τὰς
1502 997 1506 1002 ’

335 1097 524 1186 ἀνακοπάς.
560 1102 650 1166 Haec
664 1102 763 1185 igitur
787 1095 980 1182 οὐδαμοῦ
1004 1095 1052 1166 ἂν
1074 1099 1199 1182 ἔμενε
1223 1097 1268 1164 τὰ
1292 1099 1466 1185 σώματα,

334 1197 418 1268 ἀλλ’
452 1203 633 1290 ἐφέρετο
664 1200 772 1267 κατὰ
808 1199 852 1266 τὸ
886 1199 1073 1289 ἄπειρον
1103 1199 1231 1270 κενὸν
1260 1203 1472 1290 διεσπαρ-

334 1311 439 1388 μένα
468 1327 540 1372 cum
571 1325 725 1372 conversa
761 1305 829 1371 fere
857 1307 992 1372 redeant
1025 1306 1059 1370 in
1090 1307 1236 1372 versibus
1270 1307 1469 1372 Lucretianis

338 1413 522 1474 1014-18:
776 1417 778 1422 ’

477 1535 533 1576 occ
555 1534 642 1576 mure
664 1535 720 1576 occ
742 1513 835 1576 tellus
857 1533 956 1596 oeque
978 1511 1060 1575 coolc'
1081 1511 1186 1574 lucido
1210 1513 1326 1594 templu

477 1639 533 1679 occ
555 1617 689 1680 mortale
708 1637 807 1700 quous
829 1638 884 1678 uec
907 1615 1013 1685 diuum
1036 1636 1167 1698 corporo
1189 1622 1299 1678 ταναοῖο

478 1718 623 1802 cuiquam
639 1725 770 1800 possent
791 1717 884 1781 dorni
904 1717 1013 1780 sistere
1037 1726 1176 1799 tempus.-

478 1843 553 1884 uum
575 1821 716 1903 dispulsa
737 1843 792 1884 suo
816 1822 853 1884 dc
877 1829 963 1883 coctu
984 1819 1135 1883 materici

477 1924 568 2006 ταμία
580 1925 734 2010 ferretur·
754 1945 902 2007 οιαμααοτ
918 1945 981 2006 μον
1003 1923 1096 1988 τάααο
1118 1925 1229 2004 solutu,

334 2025 545 2108 sumptionem
574 2043 699 2108 quoque
734 2024 780 2107 (εἰ
808 2021 851 2088 τὸ
883 2021 1008 2090 κενὸν
1038 2019 1219 2110 ἄπειρον
1248 2013 1312 2111 ἦν,
1346 2021 1395 2088 τὰ
1423 2026 1467 2094 δὲ

334 2124 506 2208 σώματα
545 2121 771 2214 ὡρισμένα)
810 2128 898 2212 apud
931 2128 1113 2193 Lucretium
1147 2128 1253 2193 redire
1287 2136 1465 2212 exspectes

332 2229 458 2295 Deinde
480 2230 513 2294 in
535 2231 681 2296 versibus
707 2234 887 2295 1008-13
916 2230 957 2296 de
984 2231 1110 2294 infinita
1140 2230 1232 2314 copia
1260 2231 1415 2296 materiae
1435 2239 1469 2296 et

332 2331 440 2396 inanis
455 2331 502 2396 ita
524 2352 628 2397 sermo
650 2333 696 2415 fit,
722 2339 758 2398 ut
780 2333 914 2398 alteram
938 2334 978 2398 ab
1001 2334 1104 2398 altera
1126 2333 1308 2397 necessario
1326 2333 1467 2416 pendere

330 2433 493 2517 probetur.
528 2435 608 2500 Inde
623 2456 644 2500 a
662 2439 744 2499 1014
760 2455 835 2500 vero
851 2455 952 2518 usque
970 2435 1012 2500 ad
1030 2439 1105 2498 1051
1129 2435 1359 2500 demonstravit
1374 2443 1468 2518 poeta

330 2536 411 2601 nihil
445 2544 587 2602 creatum
620 2557 718 2622 posse
748 2544 908 2617 constare,
942 2537 1005 2602 nisi
1037 2538 1190 2602 materiae
1220 2538 1314 2622 copia
1341 2537 1467 2604 infinita

330 2647 427 2704 esset.
467 2640 819 2723 Desideramusigitur
840 2639 1011 2722 quaedam,
1037 2641 1157 2721 ¹quibus
1180 2639 1345 2724 professus
1360 2641 1466 2716 ,sit-sc

330 2741 485 2807 infinitam
510 2743 771 2812 cesenateriam
794 2742 1084 2808 demonstraturum
1106 2745 1197 2808 nulla
1219 2743 1341 2808 ratione
1356 2744 1465 2809 habita

330 2846 400 2910 eius
423 2846 690 2924 necessitudinis,
722 2867 804 2928 quae
834 2846 917 2911 inter
945 2863 1058 2930 corpus
1089 2853 1121 2910 ct
1149 2847 1246 2912 inane
1274 2846 1463 2912 intercedat.

331 2945 424 3022 Quod
445 2947 479 3010 in
509 2948 625 3012 lacuna
654 2949 729 3012 olim
758 2948 894 3013 infuisse
923 2967 1056 3013 necesse
1086 2955 1146 3013 est.
1193 2949 1292 3030 Atqui
1323 2950 1461 3030 cumei,

330 3049 509 3133 dequibus
532 3051 670 3133 agimus,
696 3071 807 3117 versus

538 3154 676 3218 coraibus
699 3155 860 3218 ostendum
882 3155 1066 3236 corpusculo
1088 3153 1236 3218 materiai

537 3278 575 3319 ecc
596 3257 716 3340 ioyiuc'to
740 3279 891 3320 summum
913 3279 1018 3320 rerum
1041 3279 1136 3339 usquc
1161 3265 1261 3320 tooure

427 3331 455 3366 ⁸
536 3360 672 3444 undique
687 3360 814 3442 protelo
831 3361 1005 3442 μῖαμαναντ
1028 3359 1207 3422 continuato

229 3517 230 3520 ,
328 3461 427 3526 talem
441 3460 669 3528 indicationem
686 3462 871 3527 contineant
892 3499 929 3507 -
949 3483 1025 3526 narn
1047 3461 1132 3544 quod
1147 3482 1211 3526 non
1227 3481 1380 3545 expresse
1395 3462 1464 3527 dic-

328 3571 485 3646 tumeat,
518 3571 648 3649 poetam
678 3565 720 3630 ad
749 3585 838 3643 earn,
872 3585 953 3646 quae
980 3564 1158 3630 intercedat
1187 3565 1270 3630 inter
1293 3585 1407 3649 corpus
1431 3573 1463 3630 et

328 3668 441 3743 inane,
466 3668 622 3732 rationem
645 3688 707 3733 non
731 3687 803 3732 esse
825 3674 1058 3751 respecturum,
1085 3667 1118 3731 id
1147 3667 1228 3732 nihil
1258 3669 1359 3748 valet,
1385 3688 1466 3749 quo-

328 3771 432 3850 niam,
466 3791 537 3836 cum
568 3777 644 3836 ante
670 3770 828 3835 infinitam
852 3790 924 3835 csse
946 3771 1098 3834 materiae
1121 3770 1246 3854 copiam
1268 3771 1460 3854 probaverit,

327 3873 404 3954 quia
427 3872 523 3938 inane
547 3875 680 3939 alteram
701 3869 980 3956 universi‘partem
996 3879 1116 3953 teneat,
1144 3873 1171 3937 si
1187 3873 1291 3937 denuo
1308 3872 1465 3937 infinitam

328 3995 401 4042 csse
423 3977 576 4043 materiae
592 3975 716 4060 copiam
728 3975 1008 4040 'demonstraturus
1026 3982 1084 4056 est,
1110 3975 1145 4039 id
1160 3975 1206 4040 ita
1221 3982 1344 4040 tanturn
1360 3975 1465 4038 facere

329 4088 452 4165 potest,
493 4087 529 4145 ut
564 4077 653 4143 illius
690 4079 870 4161 argumenti
908 4079 1029 4143 nullam
1068 4078 1224 4144 rationem
1261 4077 1380 4142 habeat
1410 4113 1462 4155 -,

327 4183 445 4250 deinde
468 4203 540 4249 curn
563 4181 749 4262 hireneus,
777 4181 830 4263 qui
853 4181 895 4246 ad
917 4182 965 4261 H,
993 4185 1054 4246 528
1079 4181 1261 4265 explicandi
1285 4201 1385 4246 eausa
1405 4181 1465 4244 ad-

327 4287 439 4371 scripti
463 4292 548 4364 sunt,
574 4285 662 4348 nullo
685 4284 750 4348 alio
772 4285 842 4349 loco
864 4285 896 4348 in
921 4285 1084 4350 codicibus
1109 4285 1229 4350 servati
1253 4285 1333 4363 sint,
1359 4303 1465 4349 nonne
