3312 5280
653 445 890 504 „qq-s

183 632 344 711 XXXIII,
371 633 434 694 436
458 632 539 714 sqq.)
568 631 779 714 sagacissime
808 630 931 720 docuit,
958 630 1047 693 ouius
1071 630 1177 694 verbis
1204 649 1264 711 ego
1287 628 1320 692 id

182 757 280 799 unum
310 735 410 816 addo,
444 755 494 800 me
523 735 627 800 iudice
656 735 894 819 interpolatoris
925 754 1054 818 operam
1082 733 1318 817 agnoscendam

184 859 266 904 esse.
313 839 394 904 Item
418 859 470 903 vv.
496 840 538 920 II,
566 842 685 903 478.9

313 944 397 1026 quod
417 943 564 1026 quonium
586 944 688 1020 docui,
707 966 842 1028 pergam
865 951 1021 1006 conectere
1043 965 1109 1005 rem
1132 965 1211 1026 quae

316 1070 353 1109 ce
375 1047 431 1110 boc
454 1057 531 1130 epto
540 1049 644 1132 fidem
666 1049 772 1130 ducet,
792 1047 973 1130 primordia
996 1069 1101 1109 rerum

185 1171 247 1215 non
270 1171 291 1214 a
316 1137 463 1217 Lucretio
487 1172 528 1216 cx
552 1155 625 1214 522.
652 1155 670 1215 3
698 1151 850 1236 repetitos
880 1171 952 1216 esse
982 1151 1067 1214 infra
1095 1149 1158 1234 (pg.
1191 1153 1231 1212 22
1255 1154 1315 1234 sq.)
1378 1140 1381 1145 ’

184 1254 337 1337 probabo.
379 1255 550 1321 Praeterea
572 1254 801 1320 attendendum
824 1261 873 1320 est
893 1253 1049 1319 eiusmodi
1065 1253 1209 1318 formulis
1225 1256 1321 1319 abso-

185 1358 269 1421 lutas
292 1358 469 1422 sententias
492 1379 555 1422 non
578 1359 734 1424 contineri
757 1378 860 1439 neque
877 1358 953 1442 poni
969 1358 1042 1422 illas
1059 1377 1154 1441 posse
1170 1357 1233 1422 uisi
1250 1379 1320 1422 cum

186 1461 258 1526 aliis
280 1461 386 1525 verbis
409 1461 593 1527 coniunctas
616 1464 668 1527 vel
691 1460 820 1526 adalia
842 1463 972 1526 relata-s.

272 1565 414 1630 Medium
437 1566 530 1648 quasi
552 1567 636 1631 inter
658 1568 824 1632 verborum
841 1572 873 1631 et
888 1566 1126 1631 cohaerentium
1143 1567 1321 1632 sententia-

187 1689 255 1731 rum
278 1669 465 1734 iterationes
488 1671 593 1749 locum
617 1677 727 1735 tenent
750 1691 819 1750 eae,
846 1689 929 1751 quae
952 1677 1055 1735 certas
1079 1671 1225 1735 notiones
1248 1671 1322 1754 plu-

187 1771 273 1836 ribus
307 1772 414 1837 verbis
447 1792 619 1856 expressas
653 1780 812 1856 repetunt.
867 1772 958 1850 Quae
994 1773 1021 1837 si
1055 1774 1091 1837 in
1122 1774 1321 1838 Lucretianis

186 1875 380 1940 carminibus
396 1876 443 1940 ita
458 1882 596 1952 exstent,
615 1877 698 1941 utin
714 1876 945 1942 sententiarum
963 1877 1223 1958 consequentiam
1239 1877 1320 1942 bene

187 1977 312 2060 cadant,
332 1979 506 2062 suspicioni
529 1979 651 2044 nullum
668 1982 772 2045 locum
789 1999 861 2045 esse
877 1979 1106 2045 confitebimur.
1146 1982 1322 2065 Exspectes

186 2088 310 2165 autem,
344 2083 371 2147 si
400 2089 518 2162 certam
547 2084 707 2148 notionem
731 2083 853 2148 eisdem
875 2084 982 2149 verbis
1005 2090 1148 2167 repetere
1171 2085 1319 2167 voluerit,

186 2193 314 2269 poetam
336 2206 377 2251 ne
398 2187 547 2252 minimas
570 2186 701 2269 quidem
723 2188 917 2252 mutationes
941 2209 1050 2252 eorum
1073 2187 1199 2253 fecisse.

273 2289 396 2366 Quibus
419 2290 575 2375 expositis
598 2291 653 2355 vix
675 2311 755 2374 opus
778 2298 828 2356 cst
855 2311 1001 2372 monere,
1036 2292 1063 2356 si
1093 2291 1180 2376 apud
1203 2293 1323 2357 Lucre-

187 2393 265 2457 tium
289 2400 374 2458 totae
399 2394 577 2459 sententiae
599 2394 733 2460 iteratae
757 2395 835 2476 siut,
861 2394 895 2458 id
918 2395 1047 2460 minime
1078 2416 1149 2459 cum
1176 2414 1213 2460 eo
1236 2416 1323 2460 eom-

187 2496 296 2580 parari
318 2501 424 2581 posse,
451 2497 536 2579 quod
558 2498 728 2562 Homerica
750 2498 904 2576 carmina,
930 2499 1031 2563 sicubi
1053 2499 1166 2563 eadem
1188 2519 1240 2564 res
1262 2499 1324 2563 ite-

188 2622 257 2668 rum
280 2600 442 2666 narranda
464 2607 529 2682 est,
563 2601 685 2666 eisdem
715 2602 821 2667 verbis
851 2607 993 2666 utuntur.
1041 2601 1148 2679 Quare
1170 2603 1225 2666 ubi
1247 2623 1324 2667 eae-

187 2703 260 2769 dem
283 2705 460 2769 sententiee
482 2704 604 2770 eisdem
626 2705 733 2770 verbis
753 2704 961 2788 consignatae
977 2705 1011 2768 in
1027 2705 1220 2770 carminibus
1236 2705 1323 2769 illius

188 2814 365 2889 occurrant,
392 2827 447 2873 eas
469 2815 597 2892 poetam
620 2815 676 2872 aut
698 2815 804 2874 mente
822 2830 861 2874 ac
877 2809 1009 2874 consilio
1024 2809 1171 2892 posuisse
1188 2814 1243 2873 aut
1259 2809 1323 2874 for-

188 2911 269 2976 tuita
290 2931 389 2976 causa
411 2918 530 2976 motum
553 2911 722 2977 admisisse
745 2912 959 2996 putabimus..
979 2912 1092 2994 Neque
1115 2933 1189 2976 vero
1208 2913 1324 2977 multos

188 3016 275 3080 locos
290 3015 472 3098 indagabis‚
492 3016 743 3098 quibuscertum
760 3015 920 3098 quoddam
937 3015 1103 3082 consilium
1120 3021 1248 3101 poetam
1263 3015 1324 3080 ha-

187 3117 296 3184 buisse
317 3118 438 3202 fingere
461 3119 568 3184 liceat,

274 3325 502 3392 Atuatucos
530 3326 664 3392 coniecit
686 3327 867 3392 Lucretium
896 3327 930 3390 in
959 3327 1181 3392 iterationibus
1204 3326 1324 3410 Empe-

190 3429 315 3494 doclem
338 3429 496 3494 imitatum
513 3450 596 3496 esse.
635 3431 676 3495 Et
690 3431 800 3495 insunt
814 3429 902 3495 haud
917 3451 1022 3514 pauca
1043 3431 1159 3496 iterata
1180 3431 1214 3494 in
1236 3429 1325 3513 frag-

190 3533 545 3620 mentisEmpedocleis.
561 3533 626 3599 Sed
634 3555 673 3598 ea
682 3554 722 3598 ex
731 3533 1170 3617 consuetudinelimpedoclis
1179 3533 1322 3616 fluxisse,

190 3657 254 3718 qua
269 3635 441 3702 Homerum
457 3637 658 3721 potissimum
675 3643 804 3714 secutus
821 3637 871 3717 sit,
896 3643 931 3700 ut
947 3657 1125 3701 sermonem
1141 3637 1231 3720 epico
1247 3657 1326 3719 quo-

189 3739 264 3804 dam
287 3741 392 3806 colore
415 3740 585 3824 tingueret,
613 3741 708 3806 facile
731 3760 771 3804 ex
794 3739 854 3804 hac
875 3739 1045 3805 iteratione
1068 3741 1284 3824 cognoscitur:

236 3845 324 3928 104¹)
347 3841 382 3908 ἐκ
399 3841 528 3909 τούτων
547 3840 609 3929 γὰρ
626 3837 733 3908 πάνθ’
753 3837 816 3908 ὅσα
832 3836 858 3906 τ’
876 3833 917 3930 ἦν
932 3837 996 3907 ὅσα
1013 3837 1039 3906 τ’
1059 3841 1130 3907 ἔστι
1145 3844 1201 3907 καὶ
1217 3841 1321 3924 ἔσται,

345 3943 522 4032 δένδρεά
539 3941 565 4009 τ’
584 3943 767 4032 ἐβλάστησε
784 3940 853 4010 aci
870 3940 1018 4030 ἀνέρες
1040 3939 1112 4031 ἠδὲ
1135 3956 1326 4029 γυναῖκες

346 4044 511 4137 θῆρέςτ’
531 4044 1326 4134 οἰωνοίτεκαὶὺὁατοθρέμμονεςηίχθῦς
1366 4065 1367 4070 ’

346 4156 417 4216 καί
445 4177 487 4217 cc
517 4153 616 4217 θεοὶ
639 4152 915 4234 ὁολιχαίωνες
938 4159 1083 4237 τιμῇσι
1110 4156 1323 4237 φέριστοι.

261 4380 278 4441 ¹)
300 4393 400 4448 sequor
419 4377 674 4434 Steinii-numeros.
