3312 5280
692 401 906 462 ..53-

276 592 421 670 3lisqq,
440 595 597 670 postremo
620 587 748 671 quodvis
760 589 963 672 frumentum
985 611 1046 651 uou
1070 597 1172 652 tumea
1196 609 1283 652 omae

439 691 554 774 quique
576 711 630 754 suo
651 711 764 774 qaaere
786 690 869 754 iuter
890 711 922 754 se
945 691 1046 754 similo
1068 713 1132 754 esse
1155 691 1282 770 or'alebis,

440 793 517 877 quia
539 792 731 857 intercurrat
753 794 904 877 quaedam
926 793 1077 858 distantia
1089 791 1242 878 formis),

153 905 156 914 “
235 896 341 975 Quare
364 896 460 962 etiam
483 913 596 960 versus
621 895 693 958 336.
714 898 732 956 7
755 894 835 959 nihil
858 903 992 979 possunt
1008 895 1189 978 significare
1203 895 1282 960 nisi:
1309 917 1370 957 aaa

236 1023 294 1084 quc
315 999 402 1064 haud
421 999 522 1062 rautta
543 997 662 1062 sinilia
683 997 755 1078 siut,
783 999 839 1062 scd
860 998 935 1082 quia
949 999 1038 1062 uuita
1052 1021 1103 1062 res
1125 997 1221 1062 atteri
1235 1019 1370 1080 prorsus

229 1125 294 1184 por
310 1111 366 1164 cst.
402 1100 587 1180 Videamus,
607 1119 689 1182 quae
705 1099 865 1166 sententia
880 1099 1046 1181 efficiatur,
1067 1100 1094 1165 si
1110 1100 1193 1164 hanc
1210 1099 1370 1164 notionem

234 1204 268 1267 in
291 1223 363 1268 eum
386 1211 480 1285 quem
504 1208 678 1266 tractamus
702 1201 805 1267 locum
822 1201 1063 1268 transferamus.
1104 1201 1227 1268 Dicitur
1241 1209 1367 1266 autem:

235 1307 335 1371 multa
358 1305 518 1371 elementa
540 1304 649 1369 multis
678 1304 784 1370 verbis
813 1305 992 1370 communia
1020 1304 1129 1384 vides,
1162 1323 1235 1369 cum
1258 1323 1370 1370 versus

235 1430 275 1474 ac
297 1408 395 1473 verba
416 1427 549 1472 necessa
570 1407 611 1472 sit
633 1407 698 1471 alia
720 1425 760 1472 ex
775 1407 850 1472 allis
865 1407 1032 1473 elementis
1048 1415 1203 1487 constare,
1231 1427 1295 1472 non
1310 1427 1371 1490 quo

236 1531 360 1596 paucae
375 1501 504 1576 litterae
514 1528 701 1576 communes
717 1509 790 1590 sint,
807 1510 865 1576 sed
880 1509 956 1592 quia
967 1511 1057 1575 nulla
1074 1511 1203 1574 omnino
1217 1509 1371 1575 resultari

238 1633 368 1698 prorsus
392 1633 451 1698 par
477 1619 537 1678 est.
585 1613 717 1677 Nullum
746 1613 844 1696 igitur
873 1613 1017 1693 verbum,
1055 1631 1115 1678 neo
1145 1613 1231 1678 ullus
1260 1631 1372 1678 versus

237 1717 330 1782 elteri
352 1735 483 1800 prorsus
506 1735 565 1799 par
588 1721 647 1781 est.
695 1715 738 1780 At
767 1716 865 1781 verba
894 1715 1007 1782 eodem
1037 1714 1140 1780 forma
1168 1715 1274 1799 posita
1303 1715 1372 1780 sine

236 1819 334 1885 dubio
356 1819 440 1884 inter
461 1838 496 1885 se
518 1818 610 1903 paria
632 1826 722 1884 sunt:
750 1837 863 1883 versus
886 1825 992 1884 autern
1015 1818 1048 1882 in
1063 1818 1204 1884 Lucretii
1220 1817 1373 1884 carmini-

238 1924 297 1988 bus
320 1923 454 1987 iteratos
477 1920 614 1988 inveniri
628 1921 836 2004 interpolator
851 1920 934 1985 inter
949 1939 1058 1987 omnes
1074 1919 1252 1986 certissime
1267 1920 1371 1986 scivit.

240 2026 385 2108 Denique
408 2043 533 2090 summa
553 2025 667 2090 horum
690 2042 837 2089 versuum
866 2024 916 2106 (II,
944 2025 1102 2107 sss-99)
1130 2023 1213 2089 falsa
1235 2031 1298 2090 est:

370 2131 431 2192 698
608 2135 644 2190 ut
665 2127 775 2191 merito
798 2147 836 2190 ea
858 2126 931 2190 aliis
953 2136 1096 2191 constare
1107 2129 1244 2212 foratur

446 2230 615 2293 humanum
635 2251 733 2313 qeaus
756 2237 787 2292 ct
797 2231 917 2315 fruqcs
940 2230 1128 2314 arbustaque
1151 2231 1246 2294 taeta.

239 2335 322 2399 Nam
346 2335 486 2399 humano
509 2333 621 2416 generi
643 2339 675 2399 et
697 2331 843 2414 frugibus
865 2333 1024 2415 quaedam
1047 2334 1171 2399 semina
1193 2340 1266 2400 sunt
1288 2353 1375 2400 cam-

240 2437 359 2517 munia,
386 2443 420 2500 ut
441 2435 505 2501 dici
528 2444 676 2516 nequeat,
703 2435 761 2500 has
785 2433 859 2501 aliis
882 2434 955 2502 aliis
978 2436 1122 2502 homines
1146 2443 1304 2503 constare.
1424 2515 1439 2532 l

327 2537 413 2620 llrgc
442 2537 495 2603 hic
523 2555 648 2620 quoque
674 2537 762 2603 loeus
791 2538 1004 2621 interpolatus
1027 2545 1085 2619 est,
1118 2538 1181 2603 nisi
1204 2537 1307 2617 fallor,
1335 2539 1375 2602 ab

240 2641 363 2720 eodem,
390 2640 443 2722 qui
466 2659 579 2706 versus
605 2641 772 2705 1013-22
795 2639 939 2705 inseruit.
986 2641 1036 2704 Ab
1066 2640 1179 2706 eodem
1201 2641 1377 2724 interpola-

241 2751 308 2810 tore
337 2741 492 2825 originem
522 2733 845 2808 duxisse‘718—29
865 2762 902 2808 eo
926 2742 1003 2807 mihi
1026 2742 1061 2808 fit
1083 2743 1266 2824 verisimile,
1292 2742 1376 2825 quod

240 2846 284 2910 ibi
308 2844 410 2910 eidem
431 2843 479 2910 illi
503 2863 613 2911 versus
637 2852 764 2910 exstant
791 2846 842 2928 (II,
870 2847 943 2910 336.
963 2848 990 2928 7)

330 2935 391 3011 '723
414 2969 475 3010 riou
499 2969 559 3032 quo
582 2948 682 3012 multa
699 2969 818 3030 parum
839 2947 936 3012 siusili
957 2947 1021 3011 siat
1036 2947 1188 3030 praedita
1200 2949 1327 3033 forma,

414 3051 471 3112 sed
491 3049 565 3134 quia
587 3071 648 3113 uou
670 3051 760 3132 ootqo
777 3051 876 3134 paria
898 3051 1038 3114 omuibus
1061 3049 1164 3114 omuia
1187 3058 1336 3113 coasteut.

244 3150 308 3216 Sed
330 3157 428 3217 antea
449 3151 538 3235 ipsos
561 3150 621 3218 hos
642 3171 755 3217 versus
785 3153 911 3236 spurios
937 3171 1011 3218 csse
1033 3152 1250 3217 demonstrare
1272 3151 1376 3218 decet.

242 3253 346 3336 Atque
369 3253 409 3319 ab
432 3253 523 3318 initio
544 3253 595 3317 illi
616 3259 680 3318 tres
702 3273 816 3320 versus
845 3255 895 3338 (ΙΙ,
923 3257 1082 3337 tto—22)

346 3378 419 3419 uara
441 3356 491 3420 oet
511 3356 561 3419 uti
583 3364 648 3420 tota
669 3365 786 3420 uatura
808 3357 974 3421 dissimiles
996 3365 1069 3420 suat

346 3458 429 3522 iuter
451 3479 483 3521 se
503 3458 627 3542 qeuitae
649 3481 700 3522 res
723 3481 878 3544 quaeque,
902 3460 949 3524 ita
972 3480 1123 3543 quamque
1145 3467 1296 3522 uecesscst

345 3559 495 3624 dissimili
516 3569 660 3624 constare
670 3561 785 3645 fiqura
801 3560 1035 3645 priucipiorum

244 3663 438 3729 dissentiunt
460 3663 500 3727 ab
523 3681 571 3744 eo,
598 3663 683 3746 quod
705 3663 873 3729 Lucretius
895 3664 928 3728 in
947 3664 1094 3730 versibus
1118 3667 1173 3729 581
1188 3667 1298 3730 -687
1323 3685 1380 3730 ex-

246 3765 362 3850 posuit,
388 3764 469 3828 nihil
492 3783 576 3846 esse,
601 3765 688 3847 quod
704 3783 744 3831 cx
760 3785 821 3831 unc
844 3785 961 3849 genere
976 3767 1205 3851 principiorum
1221 3775 1382 3834 constaret

246 3887 350 3949 neque
373 3867 554 3949 quicquam,
581 3868 667 3949 quod
684 3888 749 3933 non
772 3868 928 3952 permixto
944 3869 1066 3934 semine
1082 3876 1252 3934 constaret.
1289 3869 1382 3947 Quod

245 3969 273 4035 si
295 3970 463 4053 probatum
479 3975 557 4050 crat,
583 3969 617 4034 id
637 3969 722 4052 quod
744 3969 889 4036 versibus
914 3973 1052 4034 lto-2
1069 3971 1238 4054 colligitur,
1267 3991 1380 4053 quam-

246 4089 308 4152 que
337 4091 404 4136 rem
434 4069 582 4136 dissimili
604 4071 708 4154 figura
736 4072 965 4157 principiorum
987 4079 1150 4154 constare,
1177 4073 1296 4137 falsum
1318 4081 1377 4154 est,

246 4173 395 4256 quoniam
426 4171 511 4240 duae
539 4193 590 4239 res
625 4174 738 4258 partim
768 4174 896 4256 quidem
926 4195 968 4240 ex
1001 4174 1121 4240 eisdem
1154 4175 1381 4259 principiorum

247 4277 419 4359 generibus
435 4282 581 4342 constare
597 4284 741 4362 possunt.
783 4278 895 4360 Neque
910 4277 954 4360 id,
981 4276 1067 4360 quod
1082 4277 1116 4342 in
1131 4277 1235 4362 priore
1251 4297 1382 4362 compa-
