3312 5280
667 406 882 467 ..49-

293 593 360 658 Hos
396 610 509 658 versus
545 591 702 658 insiticios
739 611 812 658 esse
852 611 923 658 oum
961 592 1132 676 Briegerus
1173 593 1344 680 (Philolog.

208 695 311 776 XXV,
344 697 394 779 89)
429 694 611 778 suspicatus
641 700 705 774 est,
742 701 810 760 turn
842 694 1052 760 Neumannus
1083 715 1138 780 pg.
1171 701 1209 761 st
1246 689 1383 783 argu-'

207 799 323 863 mentis
354 798 490 882 probare
519 797 659 863 studuit:
691 795 749 862 sed
777 804 913 880 possunt
942 797 1077 863 certiora
1106 799 1226 864 afferri.
1272 803 1345 868 Iam

207 901 331 986 pridem
352 906 459 966 autem
482 899 708 966 Lachmannus
730 919 783 965 vv.
813 904 906 964 10¹5.
932 903 951 963 6
975 907 1007 965 et
1032 903 1114 965 10²0
1136 901 1243 985 eiecit,
1270 904 1348 972 illos

208 1005 351 1088 quidem,
388 1003 464 1086 quia
497 1002 728 1068 sententiarum
761 1001 997 1068 cohaerentiam
1032 1004 1213 1086 turbarent,
1245 1007 1343 1090 buno,

196 1107 294 1191 ‘quod
316 1105 534 1190 grammaticis
556 1105 732 1170 rationibus
760 1113 984 1188 repugnaret}
1004 1125 1065 1190 ego
1094 1107 1238 1190 quidem,
1272 1131 1345 1176 oum

208 1219 308 1277 totum
336 1209 421 1274 bunc
450 1209 553 1274 locum
581 1208 809 1292 interpolatum
838 1227 910 1273 esse
939 1208 1136 1292 existimem,
1171 1211 1266 1278 etiam
1288 1237 1341 1280 vv.

212 1319 304 1380 1015.
330 1318 349 1378 6
373 1315 414 1378 ab
436 1313 664 1396 interpolatore
686 1311 749 1392 sic,
782 1318 818 1376 ut
843 1319 934 1393 sunt,
967 1313 1103 1397 scriptos
1132 1333 1206 1381 esse
1233 1337 1344 1401 posse,

208 1440 239 1484 v.
268 1420 480 1482 tuscanen
509 1435 530 1480 a
555 1415 731 1499 posteriore
758 1415 876 1480 lectore
905 1413 947 1480 ad
975 1435 1006 1481 v.
1036 1419 1114 1480 1021
1147 1418 1345 1504 adscriptum

210 1539 283 1586 esse
305 1538 431 1585 censeo.
480 1517 573 1595 Quod
595 1517 692 1601 paulo
715 1524 788 1601 post
811 1518 990 1584 accuratius
1013 1520 1190 1586 ostendam.

293 1623 341 1688 Ao
369 1621 507 1707 primum
538 1619 667 1702 quidem
703 1620 947 1703 quaerentibus,
988 1641 1051 1704 quo
1080 1623 1250 1691 referenda
1280 1628 1347 1693 sint

207 1727 306 1792 verba
328 1747 398 1788 cam
421 1723 532 1808 quibas
555 1731 586 1786 et
608 1723 698 1807 qaalt‘
717 1722 782 1786 siat
800 1723 909 1786 ordine
928 1746 1068 1808 quaeqae
1084 1726 1197 1808 locata,
1224 1727 1251 1792 si
1267 1730 1344 1794 reti-

208 1835 322 1893 nentur
345 1847 397 1891 vv.
419 1830 510 1889 1015.
531 1828 561 1904 6,
587 1825 678 1890 nulla
698 1821 857 1890 dubitatio
872 1831 931 1906 est,
957 1826 1033 1908 quin
1047 1827 1104 1891 illo
1122 1850 1261 1912 quaeqae
1276 1833 1344 1897 eie-

208 1936 317 1995 menta
339 1928 575 2006 contineantur,
603 1926 717 1993 sinon
739 1927 927 2009 retinentur,
953 1935 1010 1994 aut
1031 1929 1072 1994 de
1095 1930 1210 1996 litteris
1231 1940 1288 1998 aut
1302 1934 1345 2000 dc

208 2031 314 2096 uerbis
330 2029 533 2113 cogitandum
549 2036 610 2096 est.
644 2028 786 2106 Quorum
801 2037 947 2095 neutrum
963 2038 1074 2116 aptum
1086 2051 1215 2098 sensum
1231 2033 1341 2101 efficit.

208 2133 292 2198 Nam
307 2151 411 2216 neque
427 2133 606 2197 litterarum
623 2151 727 2214 neque
743 2133 911 2198 verborum
926 2134 1026 2198 multo
1046 2134 1189 2200 maxima
1202 2155 1280 2220 pars
1295 2146 1346 2203 est

208 2234 393 2317 consimilis,
418 2233 453 2299 id
475 2234 560 2316 quod
580 2234 615 2298 in
629 2253 682 2300 vv.
704 2239 797 2298 1017.
817 2234 1081 2330 Soontenditun
1104 2237 1231 2303 Deinde
1245 2240 1344 2305 verba

208 2360 314 2401 aarum
326 2338 470 2421 positura
486 2327 692 2420 discrepitant
706 2360 757 2401 rec
775 2341 877 2421 (1018)
895 2358 975 2403 sano
988 2358 1085 2404 sensu
1102 2347 1225 2406 carent.
1251 2341 1344 2419 Quod

208 2461 270 2523 quo
292 2441 396 2524 magis
419 2447 592 2524 appareat,
619 2440 731 2524 paucis
754 2459 919 2520 eruamus,
953 2441 1030 2524 quid
1052 2442 1139 2526 apud
1161 2444 1343 2510 Lucretium

205 2543 349 2626 positura
371 2541 541 2626 significet.
582 2541 727 2608 Sufficiet
752 2543 811 2608 hos
833 2543 920 2608 locos
943 2543 1074 2608 afferre:

266 2647 307 2727 ΙΙ,
338 2647 419 2708 1098
442 2653 477 2708 at
498 2667 608 2708 aoccac
630 2633 752 2730 referre
775 2646 883 2708 eadem
900 2645 1080 2728 primordia
1102 2667 1207 2710 reram

442 2769 511 2810 cam
534 2747 645 2831 qaidaa
668 2756 698 2811 et
721 2747 811 2831 quali
825 2747 974 2830 positura
996 2748 1224 2813 contineantur.

265 2849 307 2925 ΙΙ,
356 2853 449 2914 894.
502 2901 508 2914 .
555 2850 665 2934 mapai
684 2851 806 2936 referre
828 2874 864 2914 ea
883 2851 1022 2933 mamam
1062 2901 1296 2916 .....

354 3058 416 3120 896
439 3056 573 3120 motibus
595 3055 756 3121 ordt'aa'baa
772 3056 928 3138 positurae
950 3057 1083 3141 denique
1106 3079 1186 3141 qaae
1208 3059 1280 3121 sint.

280 3157 305 3236 1,
355 3158 416 3222 684
682 3167 755 3221 caat
777 3160 931 3242 quaedam
953 3179 1095 3242 corpora,
1124 3181 1257 3244 quoram

455 3281 621 3323 coaaarcaa
643 3269 745 3324 morra
767 3261 843 3322 ordo
861 3257 1008 3342 positura
1017 3259 1150 3343 fiqarae

456 3361 599 3447 officiant
620 3361 715 3443 ipar‘s.

208 3463 270 3529 Ubi
298 3465 446 3548 positura
479 3481 542 3529 non
576 3470 681 3548 potest
715 3463 897 3548 siguificare
928 3465 1041 3546 situm,
1075 3467 1129 3549 qui
1157 3467 1241 3532 inter
1269 3467 1343 3551 plu·

208 3567 289 3632 rium
318 3566 561 3652 primordiorum
591 3568 792 3652 complexum
823 3575 886 3650 est,
921 3570 1071 3651 quoniam
1097 3569 1131 3634 in
1152 3569 1256 3654 primo
1279 3589 1344 3635 una

207 3689 278 3735 oum
301 3669 390 3754 quali
404 3669 551 3752 potitura
573 3669 792 3734 contineantur
813 3669 894 3735 illud
921 3693 990 3735 cam
1020 3671 1131 3756 quidus
1161 3671 1343 3736 coatiacaa-

209 3781 261 3836 tar
279 3772 427 3857 positum,
453 3771 487 3836 in
508 3771 641 3855 reliquis
664 3773 761 3839 etiam
785 3774 870 3844 ordo,
883 3773 1129 3857 primordiorum
1152 3793 1344 3840 commemo-

206 3881 295 3939 ratus
317 3881 377 3956 est,
403 3874 459 3956 qui
481 3893 563 3953 eam,
594 3893 677 3957 quae
699 3876 782 3941 inter
804 3876 934 3959 singula
955 3875 1129 3960 primordia
1150 3875 1340 3958 intercedat,

207 3975 444 4042 cohaerentiam
482 3976 654 4060 significat.
707 3978 793 4061 Ergo
825 3979 973 4061 positura
1013 3977 1154 4063 pertinet
1190 3978 1233 4044 ad
1269 3999 1342 4044 eum

208 4079 320 4160 situm,
347 4098 410 4162 quo
438 4079 568 4162 singula
595 4079 772 4164 primordia
800 4081 907 4164 posita
936 4084 1065 4164 sunit..
1103 4080 1209 4158 Quam
1239 4081 1343 4147 notio-

277 4305 292 4366 Ι)
316 4300 486 4370 Quamquam
506 4303 622 4370 pluralis
640 4303 722 4358 aliter
740 4320 756 4356 a
775 4305 906 4359 Lucretio
924 4311 1074 4374 usurpatus
1093 4306 1300 4360 videturesse:

1120 4411 1135 4459 4
